

pos=68 schema=info:srw/schema/1/marcxml-v1.1
<record xmlns="http://www.loc.gov/MARC21/slim">
  <leader>11962nas a2202173 u 4500</leader>
  <controlfield tag="001">BV009279610</controlfield>
  <controlfield tag="005">00000000000000.0</controlfield>
  <controlfield tag="007">hu|||||||||||||||||||||</controlfield>
  <controlfield tag="008">                  w          |||        </controlfield>
  <datafield tag="022" ind1=" " ind2=" ">
    <subfield code="a">0163-7053</subfield>
  </datafield>
  <datafield tag="245" ind1="0" ind2="0">
    <subfield code="a">Newsweek: the international newsmagazine</subfield>
  </datafield>
  <datafield tag="245" ind1=" " ind2=" ">
    <subfield code="p">International edition, Atlantic</subfield>
  </datafield>
  <datafield tag="246" ind1=" " ind2="3">
    <subfield code="a">Newsweek / International edition, Atlantic</subfield>
  </datafield>
  <datafield tag="246" ind1=" " ind2=" ">
    <subfield code="a">Zusatz einzelner Hefte: Special issue. - Teils ohne sachl. Benennung</subfield>
  </datafield>
  <datafield tag="260" ind1=" " ind2=" ">
    <subfield code="a">New York, NY</subfield>
    <subfield code="b">Newsweek</subfield>
    <subfield code="c">1944, 2012</subfield>
  </datafield>
  <datafield tag="260" ind1=" " ind2=" ">
    <subfield code="a">Winterthur</subfield>
  </datafield>
  <datafield tag="310" ind1=" " ind2=" ">
    <subfield code="a">Periodizitt̃: wc̲hentl.</subfield>
  </datafield>
  <datafield tag="533" ind1=" " ind2=" ">
    <subfield code="n">(reproduction note)</subfield>
  </datafield>
  <datafield tag="580" ind1=" " ind2=" ">
    <subfield code="a">2097170-9           Special ed. ---&gt;:Newsweek / International Edition, Atlantic / Issues</subfield>
  </datafield>
  <datafield tag="580" ind1=" " ind2=" ">
    <subfield code="a">2273489-2           Beil. ---&gt;:Perpetual spirit</subfield>
  </datafield>
  <datafield tag="740" ind1="0" ind2="2">
    <subfield code="a">Newsweek / International edition, Atlantic / Special issue</subfield>
  </datafield>
  <datafield tag="740" ind1="0" ind2=" ">
    <subfield code="a">Newsweek / International edition, Atlantic / Special issue</subfield>
  </datafield>
  <datafield tag="740" ind1="0" ind2="2">
    <subfield code="a">Newsweek international</subfield>
  </datafield>
  <datafield tag="740" ind1="0" ind2=" ">
    <subfield code="a">Newsweek international</subfield>
  </datafield>
  <datafield tag="740" ind1="0" ind2="2">
    <subfield code="a">&lt;&lt;The&gt;&gt; international newsmagazine</subfield>
  </datafield>
  <datafield tag="740" ind1="0" ind2=" ">
    <subfield code="a">&lt;&lt;The&gt;&gt; international newsmagazine</subfield>
  </datafield>
  <datafield tag="740" ind1="0" ind2="2">
    <subfield code="a">International edition, Atlantic</subfield>
  </datafield>
  <datafield tag="740" ind1="0" ind2=" ">
    <subfield code="a">International edition, Atlantic</subfield>
  </datafield>
  <datafield tag="740" ind1="0" ind2="2">
    <subfield code="a">Special issue</subfield>
  </datafield>
  <datafield tag="740" ind1="0" ind2=" ">
    <subfield code="a">Special issue</subfield>
  </datafield>
  <datafield tag="900" ind1=" " ind2=" ">
    <subfield code="a">FU Berlin: 144 </subfield>
    <subfield code="b">Signatur: V/ A/ N 558</subfield>
    <subfield code="m">ISSBD</subfield>
  </datafield>
  <datafield tag="900" ind1=" " ind2=" ">
    <subfield code="a">FU Berlin: 211 </subfield>
    <subfield code="b">Signatur: Zs 634-100.1982,1/13=27/39</subfield>
    <subfield code="m">ISSBD</subfield>
  </datafield>
  <datafield tag="900" ind1=" " ind2=" ">
    <subfield code="a">FU Berlin: 211 </subfield>
    <subfield code="b">Signatur: Zs 634-100.1982,14/25=40/51</subfield>
    <subfield code="m">ISSBD</subfield>
  </datafield>
  <datafield tag="900" ind1=" " ind2=" ">
    <subfield code="a">FU Berlin: 211 </subfield>
    <subfield code="b">Signatur: Zs 634-101.1983,1/13</subfield>
    <subfield code="m">ISSBD</subfield>
  </datafield>
  <datafield tag="900" ind1=" " ind2=" ">
    <subfield code="a">FU Berlin: 211 </subfield>
    <subfield code="b">Signatur: Zs 634-101.1983,14/26</subfield>
    <subfield code="m">ISSBD</subfield>
  </datafield>
  <datafield tag="900" ind1=" " ind2=" ">
    <subfield code="a">FU Berlin: 211 </subfield>
    <subfield code="b">Signatur: Zs 634-102.1983,1/13=27/39</subfield>
    <subfield code="m">ISSBD</subfield>
  </datafield>
  <datafield tag="900" ind1=" " ind2=" ">
    <subfield code="a">FU Berlin: 211 </subfield>
    <subfield code="b">Signatur: Zs 634-102.1983,14/25=40/51</subfield>
    <subfield code="m">ISSBD</subfield>
  </datafield>
  <datafield tag="900" ind1=" " ind2=" ">
    <subfield code="a">FU Berlin: 211 </subfield>
    <subfield code="b">Signatur: Zs 634-103.1984,1/13</subfield>
    <subfield code="m">ISSBD</subfield>
  </datafield>
  <datafield tag="900" ind1=" " ind2=" ">
    <subfield code="a">FU Berlin: 211 </subfield>
    <subfield code="b">Signatur: Zs 634-103.1984,14/26</subfield>
    <subfield code="m">ISSBD</subfield>
  </datafield>
  <datafield tag="900" ind1=" " ind2=" ">
    <subfield code="a">FU Berlin: 211 </subfield>
    <subfield code="b">Signatur: Zs 634-104.1984,1/13=27/39</subfield>
    <subfield code="m">ISSBD</subfield>
  </datafield>
  <datafield tag="900" ind1=" " ind2=" ">
    <subfield code="a">FU Berlin: 211 </subfield>
    <subfield code="b">Signatur: Zs 634-104.1984,14/27=40/52</subfield>
    <subfield code="m">ISSBD</subfield>
  </datafield>
  <datafield tag="900" ind1=" " ind2=" ">
    <subfield code="a">FU Berlin: 211 </subfield>
    <subfield code="b">Signatur: Zs 634-105.1985,1/12</subfield>
    <subfield code="m">ISSBD</subfield>
  </datafield>
  <datafield tag="900" ind1=" " ind2=" ">
    <subfield code="a">FU Berlin: 211 </subfield>
    <subfield code="b">Signatur: Zs 634-105.1985,13/25</subfield>
    <subfield code="m">ISSBD</subfield>
  </datafield>
  <datafield tag="900" ind1=" " ind2=" ">
    <subfield code="a">FU Berlin: 211 </subfield>
    <subfield code="b">Signatur: Zs 634-106.1985,1/14=26/39</subfield>
    <subfield code="m">ISSBD</subfield>
  </datafield>
  <datafield tag="900" ind1=" " ind2=" ">
    <subfield code="a">FU Berlin: 211 </subfield>
    <subfield code="b">Signatur: Zs 634-106.1985,15/26=40/51</subfield>
    <subfield code="m">ISSBD</subfield>
  </datafield>
  <datafield tag="900" ind1=" " ind2=" ">
    <subfield code="a">FU Berlin: 211 </subfield>
    <subfield code="b">Signatur: Zs 634-107.1986,14/26</subfield>
    <subfield code="m">ISSBD</subfield>
  </datafield>
  <datafield tag="900" ind1=" " ind2=" ">
    <subfield code="a">FU Berlin: 211 </subfield>
    <subfield code="b">Signatur: Zs 634-107.1986,2/13</subfield>
    <subfield code="m">ISSBD</subfield>
  </datafield>
  <datafield tag="900" ind1=" " ind2=" ">
    <subfield code="a">FU Berlin: 211 </subfield>
    <subfield code="b">Signatur: Zs 634-108.1986,1/13=27/39</subfield>
    <subfield code="m">ISSBD</subfield>
  </datafield>
  <datafield tag="900" ind1=" " ind2=" ">
    <subfield code="a">FU Berlin: 211 </subfield>
    <subfield code="b">Signatur: Zs 634-108.1986,14/25=40/51</subfield>
    <subfield code="m">ISSBD</subfield>
  </datafield>
  <datafield tag="900" ind1=" " ind2=" ">
    <subfield code="a">FU Berlin: 211 </subfield>
    <subfield code="b">Signatur: Zs 634-109.1987,1/13</subfield>
    <subfield code="m">ISSBD</subfield>
  </datafield>
  <datafield tag="900" ind1=" " ind2=" ">
    <subfield code="a">FU Berlin: 211 </subfield>
    <subfield code="b">Signatur: Zs 634-109.1987,14/26</subfield>
    <subfield code="m">ISSBD</subfield>
  </datafield>
  <datafield tag="900" ind1=" " ind2=" ">
    <subfield code="a">FU Berlin: 211 </subfield>
    <subfield code="b">Signatur: Zs 634-110.1987,1/13=27/39</subfield>
    <subfield code="m">ISSBD</subfield>
  </datafield>
  <datafield tag="900" ind1=" " ind2=" ">
    <subfield code="a">FU Berlin: 211 </subfield>
    <subfield code="b">Signatur: Zs 634-110.1987,14/25=40/51</subfield>
    <subfield code="m">ISSBD</subfield>
  </datafield>
  <datafield tag="900" ind1=" " ind2=" ">
    <subfield code="a">FU Berlin: 211 </subfield>
    <subfield code="b">Signatur: Zs 634-111.1988,1/12</subfield>
    <subfield code="m">ISSBD</subfield>
  </datafield>
  <datafield tag="900" ind1=" " ind2=" ">
    <subfield code="a">FU Berlin: 211 </subfield>
    <subfield code="b">Signatur: Zs 634-111.1988,13/26</subfield>
    <subfield code="m">ISSBD</subfield>
  </datafield>
  <datafield tag="900" ind1=" " ind2=" ">
    <subfield code="a">FU Berlin: 211 </subfield>
    <subfield code="b">Signatur: Zs 634-112.1988,1/13=27/39</subfield>
    <subfield code="m">ISSBD</subfield>
  </datafield>
  <datafield tag="900" ind1=" " ind2=" ">
    <subfield code="a">FU Berlin: 211 </subfield>
    <subfield code="b">Signatur: Zs 634-112.1988,14/25=40/51</subfield>
    <subfield code="m">ISSBD</subfield>
  </datafield>
  <datafield tag="900" ind1=" " ind2=" ">
    <subfield code="a">FU Berlin: 211 </subfield>
    <subfield code="b">Signatur: Zs 634-113.1989,1/13</subfield>
    <subfield code="m">ISSBD</subfield>
  </datafield>
  <datafield tag="900" ind1=" " ind2=" ">
    <subfield code="a">FU Berlin: 211 </subfield>
    <subfield code="b">Signatur: Zs 634-113.1989,14/26</subfield>
    <subfield code="m">ISSBD</subfield>
  </datafield>
  <datafield tag="900" ind1=" " ind2=" ">
    <subfield code="a">FU Berlin: 211 </subfield>
    <subfield code="b">Signatur: Zs 634-114.1989,1/13=27/39</subfield>
    <subfield code="m">ISSBD</subfield>
  </datafield>
  <datafield tag="900" ind1=" " ind2=" ">
    <subfield code="a">FU Berlin: 211 </subfield>
    <subfield code="b">Signatur: Zs 634-114.1989,14/26=40/51</subfield>
    <subfield code="m">ISSBD</subfield>
  </datafield>
  <datafield tag="900" ind1=" " ind2=" ">
    <subfield code="a">FU Berlin: 211 </subfield>
    <subfield code="b">Signatur: Zs 634-115.1990,1/13</subfield>
    <subfield code="m">ISSBD</subfield>
  </datafield>
  <datafield tag="900" ind1=" " ind2=" ">
    <subfield code="a">FU Berlin: 211 </subfield>
    <subfield code="b">Signatur: Zs 634-115.1990,14/26</subfield>
    <subfield code="m">ISSBD</subfield>
  </datafield>
  <datafield tag="900" ind1=" " ind2=" ">
    <subfield code="a">FU Berlin: 211 </subfield>
    <subfield code="b">Signatur: Zs 634-116.1990,1/13</subfield>
    <subfield code="m">ISSBD</subfield>
  </datafield>
  <datafield tag="900" ind1=" " ind2=" ">
    <subfield code="a">FU Berlin: 211 </subfield>
    <subfield code="b">Signatur: Zs 634-116.1990,14/26</subfield>
    <subfield code="m">ISSBD</subfield>
  </datafield>
  <datafield tag="900" ind1=" " ind2=" ">
    <subfield code="a">FU Berlin: 211 </subfield>
    <subfield code="b">Signatur: Zs 634-117.1991,1/35</subfield>
    <subfield code="m">ISSBD</subfield>
  </datafield>
  <datafield tag="900" ind1=" " ind2=" ">
    <subfield code="a">FU Berlin: 211 </subfield>
    <subfield code="b">Signatur: Zs 634-118.1991,1/14</subfield>
    <subfield code="m">ISSBD</subfield>
  </datafield>
  <datafield tag="900" ind1=" " ind2=" ">
    <subfield code="a">FU Berlin: 211 </subfield>
    <subfield code="b">Signatur: Zs 634-118.1991,15/25</subfield>
    <subfield code="m">ISSBD</subfield>
  </datafield>
  <datafield tag="900" ind1=" " ind2=" ">
    <subfield code="a">FU Berlin: 211 </subfield>
    <subfield code="b">Signatur: Zs 634-119.1992,1/26</subfield>
    <subfield code="m">ISSBD</subfield>
  </datafield>
  <datafield tag="900" ind1=" " ind2=" ">
    <subfield code="a">FU Berlin: 211 </subfield>
    <subfield code="b">Signatur: Zs 634-120.1992,1/13</subfield>
    <subfield code="m">ISSBD</subfield>
  </datafield>
  <datafield tag="900" ind1=" " ind2=" ">
    <subfield code="a">FU Berlin: 211 </subfield>
    <subfield code="b">Signatur: Zs 634-120.1992,14/26</subfield>
    <subfield code="m">ISSBD</subfield>
  </datafield>
  <datafield tag="900" ind1=" " ind2=" ">
    <subfield code="a">FU Berlin: 211 </subfield>
    <subfield code="b">Signatur: Zs 634-121.1993,1/13</subfield>
    <subfield code="m">ISSBD</subfield>
  </datafield>
  <datafield tag="900" ind1=" " ind2=" ">
    <subfield code="a">FU Berlin: 211 </subfield>
    <subfield code="b">Signatur: Zs 634-121.1993,14/26</subfield>
    <subfield code="m">ISSBD</subfield>
  </datafield>
  <datafield tag="900" ind1=" " ind2=" ">
    <subfield code="a">FU Berlin: 211 </subfield>
    <subfield code="b">Signatur: Zs 634-122.1993,1/13</subfield>
    <subfield code="m">ISSBD</subfield>
  </datafield>
  <datafield tag="900" ind1=" " ind2=" ">
    <subfield code="a">FU Berlin: 211 </subfield>
    <subfield code="b">Signatur: Zs 634-122.1993,14/26</subfield>
    <subfield code="m">ISSBD</subfield>
  </datafield>
  <datafield tag="900" ind1=" " ind2=" ">
    <subfield code="a">FU Berlin: 211 </subfield>
    <subfield code="b">Signatur: Zs 634-123.1994,1/13</subfield>
    <subfield code="m">ISSBD</subfield>
  </datafield>
  <datafield tag="900" ind1=" " ind2=" ">
    <subfield code="a">FU Berlin: 211 </subfield>
    <subfield code="b">Signatur: Zs 634-123.1994,14/26</subfield>
    <subfield code="m">ISSBD</subfield>
  </datafield>
  <datafield tag="900" ind1=" " ind2=" ">
    <subfield code="a">FU Berlin: 211 </subfield>
    <subfield code="b">Signatur: Zs 634-124.1994,1/13</subfield>
    <subfield code="m">ISSBD</subfield>
  </datafield>
  <datafield tag="900" ind1=" " ind2=" ">
    <subfield code="a">FU Berlin: 211 </subfield>
    <subfield code="b">Signatur: Zs 634-124.1994,14/26</subfield>
    <subfield code="m">ISSBD</subfield>
  </datafield>
  <datafield tag="900" ind1=" " ind2=" ">
    <subfield code="a">FU Berlin: 211 </subfield>
    <subfield code="b">Signatur: Zs 634-125.1995,1/13</subfield>
    <subfield code="m">ISSBD</subfield>
  </datafield>
  <datafield tag="900" ind1=" " ind2=" ">
    <subfield code="a">FU Berlin: 211 </subfield>
    <subfield code="b">Signatur: Zs 634-125.1995,14/26</subfield>
    <subfield code="m">ISSBD</subfield>
  </datafield>
  <datafield tag="900" ind1=" " ind2=" ">
    <subfield code="a">FU Berlin: 211 </subfield>
    <subfield code="b">Signatur: Zs 634-126.1995,1/13</subfield>
    <subfield code="m">ISSBD</subfield>
  </datafield>
  <datafield tag="900" ind1=" " ind2=" ">
    <subfield code="a">FU Berlin: 211 </subfield>
    <subfield code="b">Signatur: Zs 634-126.1995,14/26</subfield>
    <subfield code="m">ISSBD</subfield>
  </datafield>
  <datafield tag="900" ind1=" " ind2=" ">
    <subfield code="a">FU Berlin: 211 </subfield>
    <subfield code="b">Signatur: Zs 634-127.1996,14/26</subfield>
    <subfield code="m">ISSBD</subfield>
  </datafield>
  <datafield tag="900" ind1=" " ind2=" ">
    <subfield code="a">FU Berlin: 211 </subfield>
    <subfield code="b">Signatur: Zs 634-127.1996,2/13</subfield>
    <subfield code="m">ISSBD</subfield>
  </datafield>
  <datafield tag="900" ind1=" " ind2=" ">
    <subfield code="a">FU Berlin: 211 </subfield>
    <subfield code="b">Signatur: Zs 634-128.1996,1/14</subfield>
    <subfield code="m">ISSBD</subfield>
  </datafield>
  <datafield tag="900" ind1=" " ind2=" ">
    <subfield code="a">FU Berlin: 211 </subfield>
    <subfield code="b">Signatur: Zs 634-128.1996,15/26</subfield>
    <subfield code="m">ISSBD</subfield>
  </datafield>
  <datafield tag="900" ind1=" " ind2=" ">
    <subfield code="a">FU Berlin: 211 </subfield>
    <subfield code="b">Signatur: Zs 634-129.1997,1/13</subfield>
    <subfield code="m">ISSBD</subfield>
  </datafield>
  <datafield tag="900" ind1=" " ind2=" ">
    <subfield code="a">FU Berlin: 211 </subfield>
    <subfield code="b">Signatur: Zs 634-129.1997,14/26</subfield>
    <subfield code="m">ISSBD</subfield>
  </datafield>
  <datafield tag="900" ind1=" " ind2=" ">
    <subfield code="a">FU Berlin: 211 </subfield>
    <subfield code="b">Signatur: Zs 634-130.1997,1/13</subfield>
    <subfield code="m">ISSBD</subfield>
  </datafield>
  <datafield tag="900" ind1=" " ind2=" ">
    <subfield code="a">FU Berlin: 211 </subfield>
    <subfield code="b">Signatur: Zs 634-130.1997,14/26</subfield>
    <subfield code="m">ISSBD</subfield>
  </datafield>
  <datafield tag="900" ind1=" " ind2=" ">
    <subfield code="a">FU Berlin: 211 </subfield>
    <subfield code="b">Signatur: Zs 634-131.1998,1/13</subfield>
    <subfield code="m">ISSBD</subfield>
  </datafield>
  <datafield tag="900" ind1=" " ind2=" ">
    <subfield code="a">FU Berlin: 211 </subfield>
    <subfield code="b">Signatur: Zs 634-131.1998,14/26</subfield>
    <subfield code="m">ISSBD</subfield>
  </datafield>
  <datafield tag="900" ind1=" " ind2=" ">
    <subfield code="a">FU Berlin: 211 </subfield>
    <subfield code="b">Signatur: Zs 634-132.1998,1/13</subfield>
    <subfield code="m">ISSBD</subfield>
  </datafield>
  <datafield tag="900" ind1=" " ind2=" ">
    <subfield code="a">FU Berlin: 211 </subfield>
    <subfield code="b">Signatur: Zs 634-132.1998,14/25</subfield>
    <subfield code="m">ISSBD</subfield>
  </datafield>
  <datafield tag="900" ind1=" " ind2=" ">
    <subfield code="a">FU Berlin: 211 </subfield>
    <subfield code="b">Signatur: Zs 634-133.1999,1/13</subfield>
    <subfield code="m">ISSBD</subfield>
  </datafield>
  <datafield tag="900" ind1=" " ind2=" ">
    <subfield code="a">FU Berlin: 211 </subfield>
    <subfield code="b">Signatur: Zs 634-133.1999,14/26</subfield>
    <subfield code="m">ISSBD</subfield>
  </datafield>
  <datafield tag="900" ind1=" " ind2=" ">
    <subfield code="a">FU Berlin: 211 </subfield>
    <subfield code="b">Signatur: Zs 634-134.1999,1/13</subfield>
    <subfield code="m">ISSBD</subfield>
  </datafield>
  <datafield tag="900" ind1=" " ind2=" ">
    <subfield code="a">FU Berlin: 211 </subfield>
    <subfield code="b">Signatur: Zs 634-134.1999,14/25</subfield>
    <subfield code="m">ISSBD</subfield>
  </datafield>
  <datafield tag="900" ind1=" " ind2=" ">
    <subfield code="a">FU Berlin: 211 </subfield>
    <subfield code="b">Signatur: Zs 634-135.2000,1/13</subfield>
    <subfield code="m">ISSBD</subfield>
  </datafield>
  <datafield tag="900" ind1=" " ind2=" ">
    <subfield code="a">FU Berlin: 211 </subfield>
    <subfield code="b">Signatur: Zs 634-135.2000,14/26</subfield>
    <subfield code="m">ISSBD</subfield>
  </datafield>
  <datafield tag="900" ind1=" " ind2=" ">
    <subfield code="a">FU Berlin: 211 </subfield>
    <subfield code="b">Signatur: Zs 634-136.2000,1/13</subfield>
    <subfield code="m">ISSBD</subfield>
  </datafield>
  <datafield tag="900" ind1=" " ind2=" ">
    <subfield code="a">FU Berlin: 211 </subfield>
    <subfield code="b">Signatur: Zs 634-136.2000,14/26</subfield>
    <subfield code="m">ISSBD</subfield>
  </datafield>
  <datafield tag="900" ind1=" " ind2=" ">
    <subfield code="a">FU Berlin: 211 </subfield>
    <subfield code="b">Signatur: Zs 634-137.2001,14/26</subfield>
    <subfield code="m">ISSBD</subfield>
  </datafield>
  <datafield tag="900" ind1=" " ind2=" ">
    <subfield code="a">FU Berlin: 211 </subfield>
    <subfield code="b">Signatur: Zs 634-137.2001,2/13</subfield>
    <subfield code="m">ISSBD</subfield>
  </datafield>
  <datafield tag="900" ind1=" " ind2=" ">
    <subfield code="a">FU Berlin: 211 </subfield>
    <subfield code="b">Signatur: Zs 634-138.2001,1/13</subfield>
    <subfield code="m">ISSBD</subfield>
  </datafield>
  <datafield tag="900" ind1=" " ind2=" ">
    <subfield code="a">FU Berlin: 211 </subfield>
    <subfield code="b">Signatur: Zs 634-138.2001,14/26</subfield>
    <subfield code="m">ISSBD</subfield>
  </datafield>
  <datafield tag="900" ind1=" " ind2=" ">
    <subfield code="a">FU Berlin: 211 </subfield>
    <subfield code="b">Signatur: Zs 634-139.2002,1/12</subfield>
    <subfield code="m">ISSBD</subfield>
  </datafield>
  <datafield tag="900" ind1=" " ind2=" ">
    <subfield code="a">FU Berlin: 211 </subfield>
    <subfield code="b">Signatur: Zs 634-139.2002,13/25</subfield>
    <subfield code="m">ISSBD</subfield>
  </datafield>
  <datafield tag="900" ind1=" " ind2=" ">
    <subfield code="a">FU Berlin: 211 </subfield>
    <subfield code="b">Signatur: Zs 634-140.2002,15/26</subfield>
    <subfield code="m">ISSBD</subfield>
  </datafield>
  <datafield tag="900" ind1=" " ind2=" ">
    <subfield code="a">FU Berlin: 211 </subfield>
    <subfield code="b">Signatur: Zs 634-140.2002,2/14</subfield>
    <subfield code="m">ISSBD</subfield>
  </datafield>
  <datafield tag="900" ind1=" " ind2=" ">
    <subfield code="a">FU Berlin: 211 </subfield>
    <subfield code="b">Signatur: Zs 634-141.2003,1/13</subfield>
    <subfield code="m">ISSBD</subfield>
  </datafield>
  <datafield tag="900" ind1=" " ind2=" ">
    <subfield code="a">FU Berlin: 211 </subfield>
    <subfield code="b">Signatur: Zs 634-141.2003,14/26</subfield>
    <subfield code="m">ISSBD</subfield>
  </datafield>
  <datafield tag="900" ind1=" " ind2=" ">
    <subfield code="a">FU Berlin: 211 </subfield>
    <subfield code="b">Signatur: Zs 634-142.2003,14/25 [+Spec. issue]</subfield>
    <subfield code="m">ISSBD</subfield>
  </datafield>
  <datafield tag="900" ind1=" " ind2=" ">
    <subfield code="a">FU Berlin: 211 </subfield>
    <subfield code="b">Signatur: Zs 634-142.2003,2/13</subfield>
    <subfield code="m">ISSBD</subfield>
  </datafield>
  <datafield tag="900" ind1=" " ind2=" ">
    <subfield code="a">FU Berlin: 211 </subfield>
    <subfield code="b">Signatur: Zs 634-143.2004,1/13</subfield>
    <subfield code="m">ISSBD</subfield>
  </datafield>
  <datafield tag="900" ind1=" " ind2=" ">
    <subfield code="a">FU Berlin: 211 </subfield>
    <subfield code="b">Signatur: Zs 634-143.2004,14/26</subfield>
    <subfield code="m">ISSBD</subfield>
  </datafield>
  <datafield tag="900" ind1=" " ind2=" ">
    <subfield code="a">FU Berlin: 211 </subfield>
    <subfield code="b">Signatur: Zs 634-144.2004,1/13</subfield>
    <subfield code="m">ISSBD</subfield>
  </datafield>
  <datafield tag="900" ind1=" " ind2=" ">
    <subfield code="a">FU Berlin: 211 </subfield>
    <subfield code="b">Signatur: Zs 634-144.2004,14/25</subfield>
    <subfield code="m">ISSBD</subfield>
  </datafield>
  <datafield tag="900" ind1=" " ind2=" ">
    <subfield code="a">FU Berlin: 211 </subfield>
    <subfield code="b">Signatur: Zs 634-145.2005,1/13</subfield>
    <subfield code="m">ISSBD</subfield>
  </datafield>
  <datafield tag="900" ind1=" " ind2=" ">
    <subfield code="a">FU Berlin: 211 </subfield>
    <subfield code="b">Signatur: Zs 634-145.2005,14/26</subfield>
    <subfield code="m">ISSBD</subfield>
  </datafield>
  <datafield tag="900" ind1=" " ind2=" ">
    <subfield code="a">FU Berlin: 211 </subfield>
    <subfield code="b">Signatur: Zs 634-146.2005,1/25</subfield>
    <subfield code="m">ISSBD</subfield>
  </datafield>
  <datafield tag="900" ind1=" " ind2=" ">
    <subfield code="a">FU Berlin: 211 </subfield>
    <subfield code="b">Signatur: Zs 634-147.2006,14/26</subfield>
    <subfield code="m">ISSBD</subfield>
  </datafield>
  <datafield tag="900" ind1=" " ind2=" ">
    <subfield code="a">FU Berlin: 211 </subfield>
    <subfield code="b">Signatur: Zs 634-147.2006,2/13</subfield>
    <subfield code="m">ISSBD</subfield>
  </datafield>
  <datafield tag="900" ind1=" " ind2=" ">
    <subfield code="a">FU Berlin: 211 </subfield>
    <subfield code="b">Signatur: Zs 634-148.2006,1/13</subfield>
    <subfield code="m">ISSBD</subfield>
  </datafield>
  <datafield tag="900" ind1=" " ind2=" ">
    <subfield code="a">FU Berlin: 211 </subfield>
    <subfield code="b">Signatur: Zs 634-148.2006,14/26</subfield>
    <subfield code="m">ISSBD</subfield>
  </datafield>
  <datafield tag="900" ind1=" " ind2=" ">
    <subfield code="a">FU Berlin: 211 </subfield>
    <subfield code="b">Signatur: Zs 634-149.2007,2/22</subfield>
    <subfield code="m">ISSBD</subfield>
  </datafield>
  <datafield tag="900" ind1=" " ind2=" ">
    <subfield code="a">FU Berlin: 211 </subfield>
    <subfield code="b">Signatur: Zs 634-62.1963</subfield>
    <subfield code="m">ISSBD</subfield>
  </datafield>
  <datafield tag="900" ind1=" " ind2=" ">
    <subfield code="a">FU Berlin: 211 </subfield>
    <subfield code="b">Signatur: Zs 634-63.1964</subfield>
    <subfield code="m">ISSBD</subfield>
  </datafield>
  <datafield tag="900" ind1=" " ind2=" ">
    <subfield code="a">FU Berlin: 211 </subfield>
    <subfield code="b">Signatur: Zs 634-64.1964</subfield>
    <subfield code="m">ISSBD</subfield>
  </datafield>
  <datafield tag="900" ind1=" " ind2=" ">
    <subfield code="a">FU Berlin: 211 </subfield>
    <subfield code="b">Signatur: Zs 634-65.1965</subfield>
    <subfield code="m">ISSBD</subfield>
  </datafield>
  <datafield tag="900" ind1=" " ind2=" ">
    <subfield code="a">FU Berlin: 211 </subfield>
    <subfield code="b">Signatur: Zs 634-66.1965</subfield>
    <subfield code="m">ISSBD</subfield>
  </datafield>
  <datafield tag="900" ind1=" " ind2=" ">
    <subfield code="a">FU Berlin: 211 </subfield>
    <subfield code="b">Signatur: Zs 634-67.1966</subfield>
    <subfield code="m">ISSBD</subfield>
  </datafield>
  <datafield tag="900" ind1=" " ind2=" ">
    <subfield code="a">FU Berlin: 211 </subfield>
    <subfield code="b">Signatur: Zs 634-68.1966</subfield>
    <subfield code="m">ISSBD</subfield>
  </datafield>
  <datafield tag="900" ind1=" " ind2=" ">
    <subfield code="a">FU Berlin: 211 </subfield>
    <subfield code="b">Signatur: Zs 634-69.1967</subfield>
    <subfield code="m">ISSBD</subfield>
  </datafield>
  <datafield tag="900" ind1=" " ind2=" ">
    <subfield code="a">FU Berlin: 211 </subfield>
    <subfield code="b">Signatur: Zs 634-70.1967</subfield>
    <subfield code="m">ISSBD</subfield>
  </datafield>
  <datafield tag="900" ind1=" " ind2=" ">
    <subfield code="a">FU Berlin: 211 </subfield>
    <subfield code="b">Signatur: Zs 634-71.1968</subfield>
    <subfield code="m">ISSBD</subfield>
  </datafield>
  <datafield tag="900" ind1=" " ind2=" ">
    <subfield code="a">FU Berlin: 211 </subfield>
    <subfield code="b">Signatur: Zs 634-72.1968</subfield>
    <subfield code="m">ISSBD</subfield>
  </datafield>
  <datafield tag="900" ind1=" " ind2=" ">
    <subfield code="a">FU Berlin: 211 </subfield>
    <subfield code="b">Signatur: Zs 634-73.1969</subfield>
    <subfield code="m">ISSBD</subfield>
  </datafield>
  <datafield tag="900" ind1=" " ind2=" ">
    <subfield code="a">FU Berlin: 211 </subfield>
    <subfield code="b">Signatur: Zs 634-74.1969</subfield>
    <subfield code="m">ISSBD</subfield>
  </datafield>
  <datafield tag="900" ind1=" " ind2=" ">
    <subfield code="a">FU Berlin: 211 </subfield>
    <subfield code="b">Signatur: Zs 634-75.1970</subfield>
    <subfield code="m">ISSBD</subfield>
  </datafield>
  <datafield tag="900" ind1=" " ind2=" ">
    <subfield code="a">FU Berlin: 211 </subfield>
    <subfield code="b">Signatur: Zs 634-76.1970</subfield>
    <subfield code="m">ISSBD</subfield>
  </datafield>
  <datafield tag="900" ind1=" " ind2=" ">
    <subfield code="a">FU Berlin: 211 </subfield>
    <subfield code="b">Signatur: Zs 634-77.1971,</subfield>
    <subfield code="m">ISSBD</subfield>
  </datafield>
  <datafield tag="900" ind1=" " ind2=" ">
    <subfield code="a">FU Berlin: 211 </subfield>
    <subfield code="b">Signatur: Zs 634-78.1971,1/19</subfield>
    <subfield code="m">ISSBD</subfield>
  </datafield>
  <datafield tag="900" ind1=" " ind2=" ">
    <subfield code="a">FU Berlin: 211 </subfield>
    <subfield code="b">Signatur: Zs 634-79.1972,20/26</subfield>
    <subfield code="m">ISSBD</subfield>
  </datafield>
  <datafield tag="900" ind1=" " ind2=" ">
    <subfield code="a">FU Berlin: 211 </subfield>
    <subfield code="b">Signatur: Zs 634-80.1972,1/26</subfield>
    <subfield code="m">ISSBD</subfield>
  </datafield>
  <datafield tag="900" ind1=" " ind2=" ">
    <subfield code="a">FU Berlin: 211 </subfield>
    <subfield code="b">Signatur: Zs 634-81.1973,1/15</subfield>
    <subfield code="m">ISSBD</subfield>
  </datafield>
  <datafield tag="900" ind1=" " ind2=" ">
    <subfield code="a">FU Berlin: 211 </subfield>
    <subfield code="b">Signatur: Zs 634-81.1973,16/26</subfield>
    <subfield code="m">ISSBD</subfield>
  </datafield>
  <datafield tag="900" ind1=" " ind2=" ">
    <subfield code="a">FU Berlin: 211 </subfield>
    <subfield code="b">Signatur: Zs 634-82.1973,1/26</subfield>
    <subfield code="m">ISSBD</subfield>
  </datafield>
  <datafield tag="900" ind1=" " ind2=" ">
    <subfield code="a">FU Berlin: 211 </subfield>
    <subfield code="b">Signatur: Zs 634-83.1974,1/25</subfield>
    <subfield code="m">ISSBD</subfield>
  </datafield>
  <datafield tag="900" ind1=" " ind2=" ">
    <subfield code="a">FU Berlin: 211 </subfield>
    <subfield code="b">Signatur: Zs 634-84.1974,1/26</subfield>
    <subfield code="m">ISSBD</subfield>
  </datafield>
  <datafield tag="900" ind1=" " ind2=" ">
    <subfield code="a">FU Berlin: 211 </subfield>
    <subfield code="b">Signatur: Zs 634-85.1975,1/26</subfield>
    <subfield code="m">ISSBD</subfield>
  </datafield>
  <datafield tag="900" ind1=" " ind2=" ">
    <subfield code="a">FU Berlin: 211 </subfield>
    <subfield code="b">Signatur: Zs 634-86.1975,1/25</subfield>
    <subfield code="m">ISSBD</subfield>
  </datafield>
  <datafield tag="900" ind1=" " ind2=" ">
    <subfield code="a">FU Berlin: 211 </subfield>
    <subfield code="b">Signatur: Zs 634-87.1976,1/26</subfield>
    <subfield code="m">ISSBD</subfield>
  </datafield>
  <datafield tag="900" ind1=" " ind2=" ">
    <subfield code="a">FU Berlin: 211 </subfield>
    <subfield code="b">Signatur: Zs 634-88.1976,1/25</subfield>
    <subfield code="m">ISSBD</subfield>
  </datafield>
  <datafield tag="900" ind1=" " ind2=" ">
    <subfield code="a">FU Berlin: 211 </subfield>
    <subfield code="b">Signatur: Zs 634-89.1977,1/26</subfield>
    <subfield code="m">ISSBD</subfield>
  </datafield>
  <datafield tag="900" ind1=" " ind2=" ">
    <subfield code="a">FU Berlin: 211 </subfield>
    <subfield code="b">Signatur: Zs 634-90.1977,1/25</subfield>
    <subfield code="m">ISSBD</subfield>
  </datafield>
  <datafield tag="900" ind1=" " ind2=" ">
    <subfield code="a">FU Berlin: 211 </subfield>
    <subfield code="b">Signatur: Zs 634-91.1978,1/13</subfield>
    <subfield code="m">ISSBD</subfield>
  </datafield>
  <datafield tag="900" ind1=" " ind2=" ">
    <subfield code="a">FU Berlin: 211 </subfield>
    <subfield code="b">Signatur: Zs 634-91.1978,14/26</subfield>
    <subfield code="m">ISSBD</subfield>
  </datafield>
  <datafield tag="900" ind1=" " ind2=" ">
    <subfield code="a">FU Berlin: 211 </subfield>
    <subfield code="b">Signatur: Zs 634-92.1978,1/13</subfield>
    <subfield code="m">ISSBD</subfield>
  </datafield>
  <datafield tag="900" ind1=" " ind2=" ">
    <subfield code="a">FU Berlin: 211 </subfield>
    <subfield code="b">Signatur: Zs 634-92.1978,14/25</subfield>
    <subfield code="m">ISSBD</subfield>
  </datafield>
  <datafield tag="900" ind1=" " ind2=" ">
    <subfield code="a">FU Berlin: 211 </subfield>
    <subfield code="b">Signatur: Zs 634-93.1979,1/13</subfield>
    <subfield code="m">ISSBD</subfield>
  </datafield>
  <datafield tag="900" ind1=" " ind2=" ">
    <subfield code="a">FU Berlin: 211 </subfield>
    <subfield code="b">Signatur: Zs 634-93.1979,14/26</subfield>
    <subfield code="m">ISSBD</subfield>
  </datafield>
  <datafield tag="900" ind1=" " ind2=" ">
    <subfield code="a">FU Berlin: 211 </subfield>
    <subfield code="b">Signatur: Zs 634-94.1979,1/13</subfield>
    <subfield code="m">ISSBD</subfield>
  </datafield>
  <datafield tag="900" ind1=" " ind2=" ">
    <subfield code="a">FU Berlin: 211 </subfield>
    <subfield code="b">Signatur: Zs 634-94.1979,14/26</subfield>
    <subfield code="m">ISSBD</subfield>
  </datafield>
  <datafield tag="900" ind1=" " ind2=" ">
    <subfield code="a">FU Berlin: 211 </subfield>
    <subfield code="b">Signatur: Zs 634-95.1980,1/13</subfield>
    <subfield code="m">ISSBD</subfield>
  </datafield>
  <datafield tag="900" ind1=" " ind2=" ">
    <subfield code="a">FU Berlin: 211 </subfield>
    <subfield code="b">Signatur: Zs 634-95.1980,14/26</subfield>
    <subfield code="m">ISSBD</subfield>
  </datafield>
  <datafield tag="900" ind1=" " ind2=" ">
    <subfield code="a">FU Berlin: 211 </subfield>
    <subfield code="b">Signatur: Zs 634-96.1980,1/13=27/39</subfield>
    <subfield code="m">ISSBD</subfield>
  </datafield>
  <datafield tag="900" ind1=" " ind2=" ">
    <subfield code="a">FU Berlin: 211 </subfield>
    <subfield code="b">Signatur: Zs 634-96.1980,14/25=40/51</subfield>
    <subfield code="m">ISSBD</subfield>
  </datafield>
  <datafield tag="900" ind1=" " ind2=" ">
    <subfield code="a">FU Berlin: 211 </subfield>
    <subfield code="b">Signatur: Zs 634-97.1981,1/13</subfield>
    <subfield code="m">ISSBD</subfield>
  </datafield>
  <datafield tag="900" ind1=" " ind2=" ">
    <subfield code="a">FU Berlin: 211 </subfield>
    <subfield code="b">Signatur: Zs 634-97.1981,14/26</subfield>
    <subfield code="m">ISSBD</subfield>
  </datafield>
  <datafield tag="900" ind1=" " ind2=" ">
    <subfield code="a">FU Berlin: 211 </subfield>
    <subfield code="b">Signatur: Zs 634-98.1981,1/13=27/39</subfield>
    <subfield code="m">ISSBD</subfield>
  </datafield>
  <datafield tag="900" ind1=" " ind2=" ">
    <subfield code="a">FU Berlin: 211 </subfield>
    <subfield code="b">Signatur: Zs 634-98.1981,14/25=40/51</subfield>
    <subfield code="m">ISSBD</subfield>
  </datafield>
  <datafield tag="900" ind1=" " ind2=" ">
    <subfield code="a">FU Berlin: 211 </subfield>
    <subfield code="b">Signatur: Zs 634-99.1982,1/13</subfield>
    <subfield code="m">ISSBD</subfield>
  </datafield>
  <datafield tag="900" ind1=" " ind2=" ">
    <subfield code="a">FU Berlin: 211 </subfield>
    <subfield code="b">Signatur: Zs 634-99.1982,14/26</subfield>
    <subfield code="m">ISSBD</subfield>
  </datafield>
  <datafield tag="016" ind1="7" ind2=" ">
    <subfield code="a">42292-7</subfield>
    <subfield code="2">DE-600</subfield>
  </datafield>
  <datafield tag="041" ind1=" " ind2=" ">
    <subfield code="a">eng</subfield>
  </datafield>
  <datafield tag="362" ind1="1" ind2=" ">
    <subfield code="a">Nachgewiesen 23.1944 - 160.2012,27(31.Dez.)</subfield>
  </datafield>
  <datafield tag="785" ind1="0" ind2="0">
    <subfield code="t">2067668-2           Online-Ausg. u. Forts. ---&gt;:Newsweek International</subfield>
  </datafield>
  <datafield tag="500" ind1=" " ind2=" ">
    <subfield code="a">(a/Z)Autopsie 1w!(07-01-13)Kopie</subfield>
  </datafield>
  <datafield tag="084" ind1=" " ind2=" ">
    <subfield code="a">620 ; 610 ; 100</subfield>
  </datafield>
  <datafield tag="084" ind1=" " ind2=" ">
    <subfield code="a">320ZDB</subfield>
  </datafield>
  <datafield tag="084" ind1=" " ind2=" ">
    <subfield code="a">AZ 10000</subfield>
  </datafield>
  <datafield tag="084" ind1=" " ind2=" ">
    <subfield code="a">|AZ 10000</subfield>
  </datafield>
</record>