

pos=123 schema=info:srw/schema/1/marcxml-v1.1
<record xmlns="http://www.loc.gov/MARC21/slim">
  <leader>01269nas a2200301 u 4500</leader>
  <controlfield tag="001">BV036814524</controlfield>
  <controlfield tag="005">00000000000000.0</controlfield>
  <controlfield tag="007">hu|||||||||||||||||||||</controlfield>
  <controlfield tag="008">                  w          |||        </controlfield>
  <datafield tag="245" ind1="0" ind2="0">
    <subfield code="a">&lt;&lt;The&gt;&gt; medical intelligencer: containing extracts from foreign and American journals</subfield>
  </datafield>
  <datafield tag="246" ind1="0" ind2="3">
    <subfield code="a">Nebent.:  Boston medical intelligencer</subfield>
  </datafield>
  <datafield tag="260" ind1=" " ind2=" ">
    <subfield code="a">Boston, Mass.</subfield>
    <subfield code="b">Cotton</subfield>
    <subfield code="c">1823, 1826</subfield>
  </datafield>
  <datafield tag="310" ind1=" " ind2=" ">
    <subfield code="a">Periodizitt̃: wc̲hentl.</subfield>
  </datafield>
  <datafield tag="533" ind1=" " ind2=" ">
    <subfield code="n">(reproduction note)</subfield>
  </datafield>
  <datafield tag="580" ind1=" " ind2=" ">
    <subfield code="a">BV036625722         Online-Ausg. ---&gt;:&lt;&lt;The&gt;&gt; medical intelligencer</subfield>
  </datafield>
  <datafield tag="740" ind1="0" ind2="2">
    <subfield code="a">American periodicals series 1800 - 1850 / &lt;&lt;The&gt;&gt; medical intelligencer</subfield>
  </datafield>
  <datafield tag="740" ind1="0" ind2=" ">
    <subfield code="a">American periodicals series 1800 - 1850 / &lt;&lt;The&gt;&gt; medical intelligencer</subfield>
  </datafield>
  <datafield tag="740" ind1="0" ind2="2">
    <subfield code="a">American medical periodicals 1797 - 1900 / &lt;&lt;The&gt;&gt; medical intelligencer</subfield>
  </datafield>
  <datafield tag="740" ind1="0" ind2=" ">
    <subfield code="a">American medical periodicals 1797 - 1900 / &lt;&lt;The&gt;&gt; medical intelligencer</subfield>
  </datafield>
  <datafield tag="740" ind1="0" ind2="2">
    <subfield code="a">Boston medical intelligencer</subfield>
  </datafield>
  <datafield tag="740" ind1="0" ind2=" ">
    <subfield code="a">Boston medical intelligencer</subfield>
  </datafield>
  <datafield tag="900" ind1=" " ind2=" ">
    <subfield code="a">FU Berlin: 144 </subfield>
    <subfield code="b">Signatur: M 359: APS II, Reel 73</subfield>
    <subfield code="m">ISSBD</subfield>
  </datafield>
  <datafield tag="016" ind1="7" ind2=" ">
    <subfield code="a">83725-8</subfield>
    <subfield code="2">DE-600</subfield>
  </datafield>
  <datafield tag="041" ind1=" " ind2=" ">
    <subfield code="a">eng</subfield>
  </datafield>
  <datafield tag="362" ind1="1" ind2=" ">
    <subfield code="a">1.1823/24 - 3.1825/26</subfield>
  </datafield>
  <datafield tag="785" ind1="0" ind2="0">
    <subfield code="t">BV036814531         Forts. ---&gt;:Boston medical intelligencer</subfield>
  </datafield>
  <datafield tag="084" ind1=" " ind2=" ">
    <subfield code="a">070ZDB</subfield>
  </datafield>
  <datafield tag="084" ind1=" " ind2=" ">
    <subfield code="a">610ZDB</subfield>
  </datafield>
</record>