

pos=145 schema=info:srw/schema/1/marcxml-v1.1
<record xmlns="http://www.loc.gov/MARC21/slim">
  <leader>01762nas a2200421 u 4500</leader>
  <controlfield tag="001">BV036814807</controlfield>
  <controlfield tag="005">00000000000000.0</controlfield>
  <controlfield tag="007">hu|||||||||||||||||||||</controlfield>
  <controlfield tag="008">                  w          |||        </controlfield>
  <datafield tag="245" ind1="0" ind2="0">
    <subfield code="a">Lancaster independent press: LIP</subfield>
  </datafield>
  <datafield tag="260" ind1=" " ind2=" ">
    <subfield code="a">Lancaster, Pa.</subfield>
    <subfield code="c">1969</subfield>
  </datafield>
  <datafield tag="310" ind1=" " ind2=" ">
    <subfield code="a">Periodizitt̃: wc̲hentl.</subfield>
  </datafield>
  <datafield tag="533" ind1=" " ind2=" ">
    <subfield code="n">(reproduction note)</subfield>
  </datafield>
  <datafield tag="740" ind1="0" ind2="2">
    <subfield code="a">LIP</subfield>
  </datafield>
  <datafield tag="740" ind1="0" ind2=" ">
    <subfield code="a">LIP</subfield>
  </datafield>
  <datafield tag="740" ind1="0" ind2="2">
    <subfield code="a">Underground newspaper collection / Lancaster independent press</subfield>
  </datafield>
  <datafield tag="740" ind1="0" ind2=" ">
    <subfield code="a">Underground newspaper collection / Lancaster independent press</subfield>
  </datafield>
  <datafield tag="900" ind1=" " ind2=" ">
    <subfield code="a">FU Berlin: 144 </subfield>
    <subfield code="b">Signatur: M 718, Reel 105</subfield>
    <subfield code="m">ISSBD</subfield>
  </datafield>
  <datafield tag="900" ind1=" " ind2=" ">
    <subfield code="a">FU Berlin: 144 </subfield>
    <subfield code="b">Signatur: M 718, Reel 133</subfield>
    <subfield code="m">ISSBD</subfield>
  </datafield>
  <datafield tag="900" ind1=" " ind2=" ">
    <subfield code="a">FU Berlin: 144 </subfield>
    <subfield code="b">Signatur: M 718, Reel 161</subfield>
    <subfield code="m">ISSBD</subfield>
  </datafield>
  <datafield tag="900" ind1=" " ind2=" ">
    <subfield code="a">FU Berlin: 144 </subfield>
    <subfield code="b">Signatur: M 718, Reel 185</subfield>
    <subfield code="m">ISSBD</subfield>
  </datafield>
  <datafield tag="900" ind1=" " ind2=" ">
    <subfield code="a">FU Berlin: 144 </subfield>
    <subfield code="b">Signatur: M 718, Reel 208</subfield>
    <subfield code="m">ISSBD</subfield>
  </datafield>
  <datafield tag="900" ind1=" " ind2=" ">
    <subfield code="a">FU Berlin: 144 </subfield>
    <subfield code="b">Signatur: M 718, Reel 238-239</subfield>
    <subfield code="m">ISSBD</subfield>
  </datafield>
  <datafield tag="900" ind1=" " ind2=" ">
    <subfield code="a">FU Berlin: 144 </subfield>
    <subfield code="b">Signatur: M 718, Reel 269</subfield>
    <subfield code="m">ISSBD</subfield>
  </datafield>
  <datafield tag="900" ind1=" " ind2=" ">
    <subfield code="a">FU Berlin: 144 </subfield>
    <subfield code="b">Signatur: M 718, Reel 269</subfield>
    <subfield code="m">ISSBD</subfield>
  </datafield>
  <datafield tag="900" ind1=" " ind2=" ">
    <subfield code="a">FU Berlin: 144 </subfield>
    <subfield code="b">Signatur: M 718, Reel 269</subfield>
    <subfield code="m">ISSBD</subfield>
  </datafield>
  <datafield tag="900" ind1=" " ind2=" ">
    <subfield code="a">FU Berlin: 144 </subfield>
    <subfield code="b">Signatur: M 718, Reel 301</subfield>
    <subfield code="m">ISSBD</subfield>
  </datafield>
  <datafield tag="900" ind1=" " ind2=" ">
    <subfield code="a">FU Berlin: 144 </subfield>
    <subfield code="b">Signatur: M 718, Reel 330</subfield>
    <subfield code="m">ISSBD</subfield>
  </datafield>
  <datafield tag="900" ind1=" " ind2=" ">
    <subfield code="a">FU Berlin: 144 </subfield>
    <subfield code="b">Signatur: M 718, Reel 360</subfield>
    <subfield code="m">ISSBD</subfield>
  </datafield>
  <datafield tag="900" ind1=" " ind2=" ">
    <subfield code="a">FU Berlin: 144 </subfield>
    <subfield code="b">Signatur: M 718, Reel 389</subfield>
    <subfield code="m">ISSBD</subfield>
  </datafield>
  <datafield tag="900" ind1=" " ind2=" ">
    <subfield code="a">FU Berlin: 144 </subfield>
    <subfield code="b">Signatur: M 718, Reel 415</subfield>
    <subfield code="m">ISSBD</subfield>
  </datafield>
  <datafield tag="900" ind1=" " ind2=" ">
    <subfield code="a">FU Berlin: 144 </subfield>
    <subfield code="b">Signatur: M 718, Reel 438</subfield>
    <subfield code="m">ISSBD</subfield>
  </datafield>
  <datafield tag="900" ind1=" " ind2=" ">
    <subfield code="a">FU Berlin: 144 </subfield>
    <subfield code="b">Signatur: M 718, Reel 466</subfield>
    <subfield code="m">ISSBD</subfield>
  </datafield>
  <datafield tag="900" ind1=" " ind2=" ">
    <subfield code="a">FU Berlin: 144 </subfield>
    <subfield code="b">Signatur: M 718, Reel 80</subfield>
    <subfield code="m">ISSBD</subfield>
  </datafield>
  <datafield tag="016" ind1="7" ind2=" ">
    <subfield code="a">84134-1</subfield>
    <subfield code="2">DE-600</subfield>
  </datafield>
  <datafield tag="041" ind1=" " ind2=" ">
    <subfield code="a">eng</subfield>
  </datafield>
  <datafield tag="362" ind1="1" ind2=" ">
    <subfield code="a">1.1969/70,Mr̃z -</subfield>
  </datafield>
  <datafield tag="084" ind1=" " ind2=" ">
    <subfield code="a">070ZDB</subfield>
  </datafield>
</record>