

pos=209 schema=info:srw/schema/1/marcxml-v1.1
<record xmlns="http://www.loc.gov/MARC21/slim">
  <leader>01334nas a2200313 u 4500</leader>
  <controlfield tag="001">BV036815116</controlfield>
  <controlfield tag="005">00000000000000.0</controlfield>
  <controlfield tag="007">hu|||||||||||||||||||||</controlfield>
  <controlfield tag="008">                  w          |||        </controlfield>
  <datafield tag="245" ind1="0" ind2="0">
    <subfield code="a">&lt;&lt;The&gt;&gt; Weekly visitor, and ladies&apos; museum</subfield>
  </datafield>
  <datafield tag="260" ind1=" " ind2=" ">
    <subfield code="a">New York, NY</subfield>
    <subfield code="c">1817, 1823</subfield>
  </datafield>
  <datafield tag="310" ind1=" " ind2=" ">
    <subfield code="a">Periodizitt̃: wc̲hentl.</subfield>
  </datafield>
  <datafield tag="533" ind1=" " ind2=" ">
    <subfield code="n">(reproduction note)</subfield>
  </datafield>
  <datafield tag="580" ind1=" " ind2=" ">
    <subfield code="a">BV024628111         Online-Ausg. ---&gt;:&lt;&lt;The&gt;&gt; Weekly visitor, and ladies&apos; museum</subfield>
  </datafield>
  <datafield tag="740" ind1="0" ind2="2">
    <subfield code="a">Early American newspapers / &lt;&lt;The&gt;&gt; Weekly visitor, and ladies&apos; museum</subfield>
  </datafield>
  <datafield tag="740" ind1="0" ind2=" ">
    <subfield code="a">Early American newspapers / &lt;&lt;The&gt;&gt; Weekly visitor, and ladies&apos; museum</subfield>
  </datafield>
  <datafield tag="740" ind1="0" ind2="2">
    <subfield code="a">American periodicals 1800 - 1850 / &lt;&lt;The&gt;&gt; Weekly visitor, and ladies&apos; museum</subfield>
  </datafield>
  <datafield tag="740" ind1="0" ind2=" ">
    <subfield code="a">American periodicals 1800 - 1850 / &lt;&lt;The&gt;&gt; Weekly visitor, and ladies&apos; museum</subfield>
  </datafield>
  <datafield tag="900" ind1=" " ind2=" ">
    <subfield code="a">FU Berlin: 144 </subfield>
    <subfield code="b">Signatur: M 359: APS II, Reel 1884</subfield>
    <subfield code="m">ISSBD</subfield>
  </datafield>
  <datafield tag="900" ind1=" " ind2=" ">
    <subfield code="a">FU Berlin: 144 </subfield>
    <subfield code="b">Signatur: M 359: APS II, Reel 1884</subfield>
    <subfield code="m">ISSBD</subfield>
  </datafield>
  <datafield tag="016" ind1="7" ind2=" ">
    <subfield code="a">84639-9</subfield>
    <subfield code="2">DE-600</subfield>
  </datafield>
  <datafield tag="041" ind1=" " ind2=" ">
    <subfield code="a">eng</subfield>
  </datafield>
  <datafield tag="362" ind1="1" ind2=" ">
    <subfield code="a">1.1817 - 5.1820; N.S. 1.1820 - 7.1823; damit Ersch. eingest.</subfield>
  </datafield>
  <datafield tag="247" ind1="0" ind2="0">
    <subfield code="a">BV036815113         Vorg. ---&gt;:Weekly visitor, or ladies&apos; miscellany</subfield>
  </datafield>
  <datafield tag="247" ind1="0" ind2="0">
    <subfield code="a">BV036815112         Vorg. ---&gt;:Ladies&apos; weekly museum</subfield>
  </datafield>
  <datafield tag="500" ind1=" " ind2=" ">
    <subfield code="a">(a/Z)</subfield>
  </datafield>
  <datafield tag="084" ind1=" " ind2=" ">
    <subfield code="a">070ZDB</subfield>
  </datafield>
  <datafield tag="084" ind1=" " ind2=" ">
    <subfield code="a">060ZDB</subfield>
  </datafield>
  <datafield tag="084" ind1=" " ind2=" ">
    <subfield code="a">300ZDB</subfield>
  </datafield>
</record>