

pos=241 schema=info:srw/schema/1/marcxml-v1.1
<record xmlns="http://www.loc.gov/MARC21/slim">
  <leader>02210nas a2200361 u 4500</leader>
  <controlfield tag="001">BV036815648</controlfield>
  <controlfield tag="005">00000000000000.0</controlfield>
  <controlfield tag="007">hu|||||||||||||||||||||</controlfield>
  <datafield tag="245" ind1="0" ind2="0">
    <subfield code="a">&lt;&lt;Der&gt;&gt; Welt-Bothe und wahre Republikaner von Berks, Schuylkill und Libanon Caunties</subfield>
  </datafield>
  <datafield tag="246" ind1=" " ind2=" ">
    <subfield code="a">Hauptsacht. 1809,Jan.-Febr.: Der Weltbothe, und Libanoner Wochenschrift. - Hauptsacht. 1809,7.Mr̃z-5.Sept.: Der Weltbothe, und unpartheyische Libanoner Wochenschrift. - Hauptsacht. 1810,Juli - 1814,Juni: Der Weltbothe und wahre Republikaner von Berks Caunty. - Hauptsacht. 1814,6.Juli - 1818: Der Welt-Bothe und wahre Republicaner von Berks, Schuylkill und Libanon Caunties</subfield>
  </datafield>
  <datafield tag="260" ind1=" " ind2=" ">
    <subfield code="a">Reading, Pa.</subfield>
    <subfield code="c">1809, 1820</subfield>
  </datafield>
  <datafield tag="260" ind1=" " ind2=" ">
    <subfield code="a">Lebanon, Pa.</subfield>
  </datafield>
  <datafield tag="310" ind1=" " ind2=" ">
    <subfield code="a">Periodizitt̃: wc̲hentl.</subfield>
  </datafield>
  <datafield tag="533" ind1=" " ind2=" ">
    <subfield code="n">(reproduction note)</subfield>
  </datafield>
  <datafield tag="580" ind1=" " ind2=" ">
    <subfield code="a">BV024628113         Online-Ausg. ---&gt;:&lt;&lt;Der&gt;&gt; Welt-Bothe und wahre Republikaner von Berks, Schuylkill und Libanon Caunties</subfield>
  </datafield>
  <datafield tag="740" ind1="0" ind2="2">
    <subfield code="a">Early American newspapers / &lt;&lt;Der&gt;&gt; Welt-Bothe und wahre Republikaner von Berks, Schuylkill und Libanon Caunties</subfield>
  </datafield>
  <datafield tag="740" ind1="0" ind2=" ">
    <subfield code="a">Early American newspapers / &lt;&lt;Der&gt;&gt; Welt-Bothe und wahre Republikaner von Berks, Schuylkill und Libanon Caunties</subfield>
  </datafield>
  <datafield tag="740" ind1="0" ind2="2">
    <subfield code="a">&lt;&lt;Der&gt;&gt; Weltbote und wahre Republikaner von Berks, Schuylkill und Libanon Caunties</subfield>
  </datafield>
  <datafield tag="740" ind1="0" ind2=" ">
    <subfield code="a">&lt;&lt;Der&gt;&gt; Weltbote und wahre Republikaner von Berks, Schuylkill und Libanon Caunties</subfield>
  </datafield>
  <datafield tag="740" ind1="0" ind2="2">
    <subfield code="a">&lt;&lt;Der&gt;&gt; Weltbothe, und Libanoner Wochenschrift</subfield>
  </datafield>
  <datafield tag="740" ind1="0" ind2=" ">
    <subfield code="a">&lt;&lt;Der&gt;&gt; Weltbothe, und Libanoner Wochenschrift</subfield>
  </datafield>
  <datafield tag="740" ind1="0" ind2="2">
    <subfield code="a">&lt;&lt;Der&gt;&gt; Weltbothe, und unpartheyische Libanoner Wochenschrift</subfield>
  </datafield>
  <datafield tag="740" ind1="0" ind2=" ">
    <subfield code="a">&lt;&lt;Der&gt;&gt; Weltbothe, und unpartheyische Libanoner Wochenschrift</subfield>
  </datafield>
  <datafield tag="740" ind1="0" ind2="2">
    <subfield code="a">&lt;&lt;Der&gt;&gt; Weltbothe und wahre Republikaner von Berks Caunty</subfield>
  </datafield>
  <datafield tag="740" ind1="0" ind2=" ">
    <subfield code="a">&lt;&lt;Der&gt;&gt; Weltbothe und wahre Republikaner von Berks Caunty</subfield>
  </datafield>
  <datafield tag="740" ind1="0" ind2="2">
    <subfield code="a">&lt;&lt;Der&gt;&gt; Welt-Bothe und wahre Republicaner von Berks, Schuylkill und Libanon Caunties</subfield>
  </datafield>
  <datafield tag="740" ind1="0" ind2=" ">
    <subfield code="a">&lt;&lt;Der&gt;&gt; Welt-Bothe und wahre Republicaner von Berks, Schuylkill und Libanon Caunties</subfield>
  </datafield>
  <datafield tag="900" ind1=" " ind2=" ">
    <subfield code="a">FU Berlin: 144 </subfield>
    <subfield code="b">Signatur: M 798, Reel 308</subfield>
    <subfield code="m">ISSBD</subfield>
  </datafield>
  <datafield tag="016" ind1="7" ind2=" ">
    <subfield code="a">85587-x</subfield>
    <subfield code="2">DE-600</subfield>
  </datafield>
  <datafield tag="041" ind1=" " ind2=" ">
    <subfield code="a">ger</subfield>
  </datafield>
  <datafield tag="362" ind1="1" ind2=" ">
    <subfield code="a">1809,3.Jan.-5.Sept.; 1810,Juli - 1820,6.Dez[?]</subfield>
  </datafield>
  <datafield tag="500" ind1=" " ind2=" ">
    <subfield code="a">C*(a/Z)</subfield>
  </datafield>
  <datafield tag="084" ind1=" " ind2=" ">
    <subfield code="a">070ZDB</subfield>
  </datafield>
</record>