

pos=310 schema=info:srw/schema/1/marcxml-v1.1
<record xmlns="http://www.loc.gov/MARC21/slim">
  <leader>00635nas a2200193 u 4500</leader>
  <controlfield tag="001">BV036816560</controlfield>
  <controlfield tag="005">00000000000000.0</controlfield>
  <controlfield tag="007">hu|||||||||||||||||||||</controlfield>
  <datafield tag="245" ind1="0" ind2="0">
    <subfield code="a">&lt;&lt;The&gt;&gt; Chicago socialist</subfield>
    <subfield code="c">Socialist Party of Chicago</subfield>
  </datafield>
  <datafield tag="250" ind1=" " ind2=" ">
    <subfield code="b">Mikrofilm-Ausg. # Madison, Wis. : State Historical Society of Wisconsin</subfield>
  </datafield>
  <datafield tag="260" ind1=" " ind2=" ">
    <subfield code="a">Chicago, Ill.</subfield>
    <subfield code="c">1902, 1907</subfield>
  </datafield>
  <datafield tag="533" ind1=" " ind2=" ">
    <subfield code="n">(reproduction note)</subfield>
  </datafield>
  <datafield tag="900" ind1=" " ind2=" ">
    <subfield code="a">FU Berlin: 144 </subfield>
    <subfield code="b">Signatur: M 216</subfield>
    <subfield code="m">ISSBD</subfield>
  </datafield>
  <datafield tag="016" ind1="7" ind2=" ">
    <subfield code="a">87287-8</subfield>
    <subfield code="2">DE-600</subfield>
  </datafield>
  <datafield tag="362" ind1="1" ind2=" ">
    <subfield code="a">1902,8.Mr̃z - 1907,6.Apr. nachgewiesen</subfield>
  </datafield>
  <datafield tag="247" ind1="0" ind2="0">
    <subfield code="a">BV036816559         Vorg. ---&gt;:&lt;&lt;The&gt;&gt; workers&apos; call</subfield>
  </datafield>
  <datafield tag="500" ind1=" " ind2=" ">
    <subfield code="a">(a/Z)</subfield>
  </datafield>
  <datafield tag="084" ind1=" " ind2=" ">
    <subfield code="a">070ZDB</subfield>
  </datafield>
  <datafield tag="084" ind1=" " ind2=" ">
    <subfield code="a">320ZDB</subfield>
  </datafield>
</record>