

pos=360 schema=info:srw/schema/1/marcxml-v1.1
<record xmlns="http://www.loc.gov/MARC21/slim">
  <leader>01087nas a2200289 u 4500</leader>
  <controlfield tag="001">BV036817127</controlfield>
  <controlfield tag="005">00000000000000.0</controlfield>
  <controlfield tag="007">hu|||||||||||||||||||||</controlfield>
  <controlfield tag="008">                  w          |||        </controlfield>
  <datafield tag="245" ind1="0" ind2="0">
    <subfield code="a">Iconoclast</subfield>
  </datafield>
  <datafield tag="260" ind1=" " ind2=" ">
    <subfield code="a">Dallas, Tex.</subfield>
    <subfield code="c">1971, 1977</subfield>
  </datafield>
  <datafield tag="310" ind1=" " ind2=" ">
    <subfield code="a">Periodizitt̃: wc̲hentl.</subfield>
  </datafield>
  <datafield tag="533" ind1=" " ind2=" ">
    <subfield code="n">(reproduction note)</subfield>
  </datafield>
  <datafield tag="740" ind1="0" ind2="2">
    <subfield code="a">Underground newspaper collection / Iconoclast</subfield>
  </datafield>
  <datafield tag="740" ind1="0" ind2=" ">
    <subfield code="a">Underground newspaper collection / Iconoclast</subfield>
  </datafield>
  <datafield tag="900" ind1=" " ind2=" ">
    <subfield code="a">FU Berlin: 144 </subfield>
    <subfield code="b">Signatur: M 718, Reel 104</subfield>
    <subfield code="m">ISSBD</subfield>
  </datafield>
  <datafield tag="900" ind1=" " ind2=" ">
    <subfield code="a">FU Berlin: 144 </subfield>
    <subfield code="b">Signatur: M 718, Reel 132, 300-301</subfield>
    <subfield code="m">ISSBD</subfield>
  </datafield>
  <datafield tag="900" ind1=" " ind2=" ">
    <subfield code="a">FU Berlin: 144 </subfield>
    <subfield code="b">Signatur: M 718, Reel 160, 301</subfield>
    <subfield code="m">ISSBD</subfield>
  </datafield>
  <datafield tag="900" ind1=" " ind2=" ">
    <subfield code="a">FU Berlin: 144 </subfield>
    <subfield code="b">Signatur: M 718, Reel 184</subfield>
    <subfield code="m">ISSBD</subfield>
  </datafield>
  <datafield tag="900" ind1=" " ind2=" ">
    <subfield code="a">FU Berlin: 144 </subfield>
    <subfield code="b">Signatur: M 718, Reel 207</subfield>
    <subfield code="m">ISSBD</subfield>
  </datafield>
  <datafield tag="900" ind1=" " ind2=" ">
    <subfield code="a">FU Berlin: 144 </subfield>
    <subfield code="b">Signatur: M 718, Reel 238</subfield>
    <subfield code="m">ISSBD</subfield>
  </datafield>
  <datafield tag="900" ind1=" " ind2=" ">
    <subfield code="a">FU Berlin: 144 </subfield>
    <subfield code="b">Signatur: M 718, Reel 80</subfield>
    <subfield code="m">ISSBD</subfield>
  </datafield>
  <datafield tag="016" ind1="7" ind2=" ">
    <subfield code="a">88521-6</subfield>
    <subfield code="2">DE-600</subfield>
  </datafield>
  <datafield tag="362" ind1="1" ind2=" ">
    <subfield code="a">1.1971 - 10.1977[?]</subfield>
  </datafield>
  <datafield tag="247" ind1="0" ind2="0">
    <subfield code="a">BV036817126         Vorg. ---&gt;:Dallas news</subfield>
  </datafield>
  <datafield tag="084" ind1=" " ind2=" ">
    <subfield code="a">070ZDB</subfield>
  </datafield>
  <datafield tag="084" ind1=" " ind2=" ">
    <subfield code="a">790ZDB</subfield>
  </datafield>
</record>