

pos=509 schema=info:srw/schema/1/marcxml-v1.1
<record xmlns="http://www.loc.gov/MARC21/slim">
  <leader>00559nas a2200193 u 4500</leader>
  <controlfield tag="001">BV036818815</controlfield>
  <controlfield tag="005">00000000000000.0</controlfield>
  <controlfield tag="007">zz|||||||||||||||||||||</controlfield>
  <controlfield tag="008">                        n    |||        </controlfield>
  <datafield tag="245" ind1="0" ind2="0">
    <subfield code="a">Morris County republican</subfield>
  </datafield>
  <datafield tag="260" ind1=" " ind2=" ">
    <subfield code="a">Council Grove, Kan.</subfield>
    <subfield code="c">1872, 1877</subfield>
  </datafield>
  <datafield tag="533" ind1=" " ind2=" ">
    <subfield code="n">(reproduction note)</subfield>
  </datafield>
  <datafield tag="900" ind1=" " ind2=" ">
    <subfield code="a">FU Berlin: 144 </subfield>
    <subfield code="b">Signatur: M 114</subfield>
    <subfield code="m">ISSBD</subfield>
  </datafield>
  <datafield tag="016" ind1="7" ind2=" ">
    <subfield code="a">91097-1</subfield>
    <subfield code="2">DE-600</subfield>
  </datafield>
  <datafield tag="041" ind1=" " ind2=" ">
    <subfield code="a">eng</subfield>
  </datafield>
  <datafield tag="362" ind1="1" ind2=" ">
    <subfield code="a">1872 - 1877,29.Sept.</subfield>
  </datafield>
  <datafield tag="785" ind1="0" ind2="0">
    <subfield code="t">BV036820337         Forts. ---&gt;:Republican and democrat</subfield>
  </datafield>
  <datafield tag="084" ind1=" " ind2=" ">
    <subfield code="a">070ZDB</subfield>
  </datafield>
  <datafield tag="084" ind1=" " ind2=" ">
    <subfield code="a">320ZDB</subfield>
  </datafield>
</record>