

pos=531 schema=info:srw/schema/1/marcxml-v1.1
<record xmlns="http://www.loc.gov/MARC21/slim">
  <leader>01602nas a2200301 u 4500</leader>
  <controlfield tag="001">BV036819342</controlfield>
  <controlfield tag="005">00000000000000.0</controlfield>
  <controlfield tag="007">hu|||||||||||||||||||||</controlfield>
  <controlfield tag="008">                  w          |||        </controlfield>
  <datafield tag="245" ind1="0" ind2="0">
    <subfield code="a">Pennsylvania ledger, or the Virginia, Maryland, Pennsylvania and New Jersey weekly advertiser</subfield>
  </datafield>
  <datafield tag="246" ind1=" " ind2=" ">
    <subfield code="a">Hauptsacht. 1777,10.Okt.-26.Nov.: Pennsylvania ledger or the weekly advertiser. - Hauptsacht. 1777,3.Dez. - 1778,23.Mai: Philadelphia ledger, or the Philadelphia market day advertiser</subfield>
  </datafield>
  <datafield tag="260" ind1=" " ind2=" ">
    <subfield code="a">Philadelphia, Pa.</subfield>
    <subfield code="c">1775, 1778</subfield>
  </datafield>
  <datafield tag="310" ind1=" " ind2=" ">
    <subfield code="a">1776,1.Dez. - 1777,9.Okt. nicht ersch.; Periodizitt̃: wc̲hentl.</subfield>
  </datafield>
  <datafield tag="533" ind1=" " ind2=" ">
    <subfield code="n">(reproduction note)</subfield>
  </datafield>
  <datafield tag="580" ind1=" " ind2=" ">
    <subfield code="a">BV024627328         Online-Ausg. ---&gt;:Pennsylvania ledger, or the Virginia, Maryland, Pennsylvania and New Jersey weekly advertiser</subfield>
  </datafield>
  <datafield tag="740" ind1="0" ind2="2">
    <subfield code="a">Early American newspapers / Pennsylvania ledger, or the Virginia, Maryland, Pennsylvania and New Jersey weekly advertiser</subfield>
  </datafield>
  <datafield tag="740" ind1="0" ind2=" ">
    <subfield code="a">Early American newspapers / Pennsylvania ledger, or the Virginia, Maryland, Pennsylvania and New Jersey weekly advertiser</subfield>
  </datafield>
  <datafield tag="740" ind1="0" ind2="2">
    <subfield code="a">Pennsylvania ledger or the weekly advertiser</subfield>
  </datafield>
  <datafield tag="740" ind1="0" ind2=" ">
    <subfield code="a">Pennsylvania ledger or the weekly advertiser</subfield>
  </datafield>
  <datafield tag="740" ind1="0" ind2="2">
    <subfield code="a">Philadelphia ledger, or the Philadelphia market day advertiser</subfield>
  </datafield>
  <datafield tag="740" ind1="0" ind2=" ">
    <subfield code="a">Philadelphia ledger, or the Philadelphia market day advertiser</subfield>
  </datafield>
  <datafield tag="016" ind1="7" ind2=" ">
    <subfield code="a">91891-x</subfield>
    <subfield code="2">DE-600</subfield>
  </datafield>
  <datafield tag="041" ind1=" " ind2=" ">
    <subfield code="a">eng</subfield>
  </datafield>
  <datafield tag="362" ind1="1" ind2=" ">
    <subfield code="a">1775,28.Jan. - 1776,30.Nov.; 1777,10.Okt. - 1778,23.Mai = Nr. 1-155 ; damit Ersch. eingest.</subfield>
  </datafield>
  <datafield tag="500" ind1=" " ind2=" ">
    <subfield code="a">C*(a/Z)</subfield>
  </datafield>
  <datafield tag="084" ind1=" " ind2=" ">
    <subfield code="a">070ZDB</subfield>
  </datafield>
  <datafield tag="084" ind1=" " ind2=" ">
    <subfield code="a">910ZDB</subfield>
  </datafield>
  <datafield tag="084" ind1=" " ind2=" ">
    <subfield code="a">940ZDB</subfield>
  </datafield>
</record>