

pos=578 schema=info:srw/schema/1/marcxml-v1.1
<record xmlns="http://www.loc.gov/MARC21/slim">
  <leader>01234nas a2200325 u 4500</leader>
  <controlfield tag="001">BV036819947</controlfield>
  <controlfield tag="005">00000000000000.0</controlfield>
  <controlfield tag="007">hu|||||||||||||||||||||</controlfield>
  <controlfield tag="008">                  w          |||        </controlfield>
  <datafield tag="245" ind1="0" ind2="0">
    <subfield code="a">Rag</subfield>
  </datafield>
  <datafield tag="260" ind1=" " ind2=" ">
    <subfield code="a">Austin, Tex. [u.a.]</subfield>
    <subfield code="c">1966, 1975</subfield>
  </datafield>
  <datafield tag="310" ind1=" " ind2=" ">
    <subfield code="a">Periodizitt̃: wc̲hentl.</subfield>
  </datafield>
  <datafield tag="533" ind1=" " ind2=" ">
    <subfield code="n">(reproduction note)</subfield>
  </datafield>
  <datafield tag="740" ind1="0" ind2="2">
    <subfield code="a">Underground newspapers collection / Rag</subfield>
  </datafield>
  <datafield tag="740" ind1="0" ind2=" ">
    <subfield code="a">Underground newspapers collection / Rag</subfield>
  </datafield>
  <datafield tag="900" ind1=" " ind2=" ">
    <subfield code="a">FU Berlin: 144 </subfield>
    <subfield code="b">Signatur: M 718, Reel 1, 275</subfield>
    <subfield code="m">ISSBD</subfield>
  </datafield>
  <datafield tag="900" ind1=" " ind2=" ">
    <subfield code="a">FU Berlin: 144 </subfield>
    <subfield code="b">Signatur: M 718, Reel 112</subfield>
    <subfield code="m">ISSBD</subfield>
  </datafield>
  <datafield tag="900" ind1=" " ind2=" ">
    <subfield code="a">FU Berlin: 144 </subfield>
    <subfield code="b">Signatur: M 718, Reel 13</subfield>
    <subfield code="m">ISSBD</subfield>
  </datafield>
  <datafield tag="900" ind1=" " ind2=" ">
    <subfield code="a">FU Berlin: 144 </subfield>
    <subfield code="b">Signatur: M 718, Reel 140-141</subfield>
    <subfield code="m">ISSBD</subfield>
  </datafield>
  <datafield tag="900" ind1=" " ind2=" ">
    <subfield code="a">FU Berlin: 144 </subfield>
    <subfield code="b">Signatur: M 718, Reel 167</subfield>
    <subfield code="m">ISSBD</subfield>
  </datafield>
  <datafield tag="900" ind1=" " ind2=" ">
    <subfield code="a">FU Berlin: 144 </subfield>
    <subfield code="b">Signatur: M 718, Reel 189</subfield>
    <subfield code="m">ISSBD</subfield>
  </datafield>
  <datafield tag="900" ind1=" " ind2=" ">
    <subfield code="a">FU Berlin: 144 </subfield>
    <subfield code="b">Signatur: M 718, Reel 23, 65</subfield>
    <subfield code="m">ISSBD</subfield>
  </datafield>
  <datafield tag="900" ind1=" " ind2=" ">
    <subfield code="a">FU Berlin: 144 </subfield>
    <subfield code="b">Signatur: M 718, Reel 4, 275</subfield>
    <subfield code="m">ISSBD</subfield>
  </datafield>
  <datafield tag="900" ind1=" " ind2=" ">
    <subfield code="a">FU Berlin: 144 </subfield>
    <subfield code="b">Signatur: M 718, Reel 65</subfield>
    <subfield code="m">ISSBD</subfield>
  </datafield>
  <datafield tag="900" ind1=" " ind2=" ">
    <subfield code="a">FU Berlin: 144 </subfield>
    <subfield code="b">Signatur: M 718, Reel 86</subfield>
    <subfield code="m">ISSBD</subfield>
  </datafield>
  <datafield tag="016" ind1="7" ind2=" ">
    <subfield code="a">92863-x</subfield>
    <subfield code="2">DE-600</subfield>
  </datafield>
  <datafield tag="041" ind1=" " ind2=" ">
    <subfield code="a">eng</subfield>
  </datafield>
  <datafield tag="362" ind1="1" ind2=" ">
    <subfield code="a">1.1966/67 - 9.1974/75[?]</subfield>
  </datafield>
  <datafield tag="500" ind1=" " ind2=" ">
    <subfield code="a">(a/Z)</subfield>
  </datafield>
  <datafield tag="084" ind1=" " ind2=" ">
    <subfield code="a">070ZDB</subfield>
  </datafield>
</record>