

pos=692 schema=info:srw/schema/1/marcxml-v1.1
<record xmlns="http://www.loc.gov/MARC21/slim">
  <leader>01208nas a2200313 u 4500</leader>
  <controlfield tag="001">BV036821869</controlfield>
  <controlfield tag="005">00000000000000.0</controlfield>
  <controlfield tag="007">hu|||||||||||||||||||||</controlfield>
  <datafield tag="245" ind1="0" ind2="0">
    <subfield code="a">&lt;&lt;Der&gt;&gt; Junjon-Arbeiter</subfield>
  </datafield>
  <datafield tag="246" ind1=" " ind2=" ">
    <subfield code="a">Abweichende Umschr. d. Hauptsacht.: Der Junion-Arbeiter. - Abweichende Umschr. d. Hauptsacht.: Der Yunyon-Arbeyter. - Abweichende Umschr. d. Hauptsacht.: Der Yunion-Arbeiter. - Yivo-Umschr. d. Hauptsacht.: Der Yunyon-Arbeter</subfield>
  </datafield>
  <datafield tag="260" ind1=" " ind2=" ">
    <subfield code="a">Nju Jork, NY</subfield>
    <subfield code="c">1925, 1927</subfield>
  </datafield>
  <datafield tag="533" ind1=" " ind2=" ">
    <subfield code="n">(reproduction note)</subfield>
  </datafield>
  <datafield tag="546" ind1=" " ind2=" ">
    <subfield code="a">In hebr. Schr., jidd., Text teilw. engl.</subfield>
  </datafield>
  <datafield tag="740" ind1="0" ind2="2">
    <subfield code="a">New York Public Library collections / &lt;&lt;Der&gt;&gt; Junjon-Arbeiter</subfield>
  </datafield>
  <datafield tag="740" ind1="0" ind2=" ">
    <subfield code="a">New York Public Library collections / &lt;&lt;Der&gt;&gt; Junjon-Arbeiter</subfield>
  </datafield>
  <datafield tag="740" ind1="0" ind2="2">
    <subfield code="a">&lt;&lt;Der&gt;&gt; Junion-Arbeiter</subfield>
  </datafield>
  <datafield tag="740" ind1="0" ind2=" ">
    <subfield code="a">&lt;&lt;Der&gt;&gt; Junion-Arbeiter</subfield>
  </datafield>
  <datafield tag="740" ind1="0" ind2="2">
    <subfield code="a">&lt;&lt;Der&gt;&gt; Yunyon-Arbeyter</subfield>
  </datafield>
  <datafield tag="740" ind1="0" ind2=" ">
    <subfield code="a">&lt;&lt;Der&gt;&gt; Yunyon-Arbeyter</subfield>
  </datafield>
  <datafield tag="740" ind1="0" ind2="2">
    <subfield code="a">&lt;&lt;Der&gt;&gt; Yunion-Arbeiter</subfield>
  </datafield>
  <datafield tag="740" ind1="0" ind2=" ">
    <subfield code="a">&lt;&lt;Der&gt;&gt; Yunion-Arbeiter</subfield>
  </datafield>
  <datafield tag="740" ind1="0" ind2="2">
    <subfield code="a">&lt;&lt;Der&gt;&gt; Yunyon-Arbeter</subfield>
  </datafield>
  <datafield tag="740" ind1="0" ind2=" ">
    <subfield code="a">&lt;&lt;Der&gt;&gt; Yunyon-Arbeter</subfield>
  </datafield>
  <datafield tag="900" ind1=" " ind2=" ">
    <subfield code="a">FU Berlin: 144 </subfield>
    <subfield code="b">Signatur: M 173</subfield>
    <subfield code="m">ISSBD</subfield>
  </datafield>
  <datafield tag="016" ind1="7" ind2=" ">
    <subfield code="a">95741-0</subfield>
    <subfield code="2">DE-600</subfield>
  </datafield>
  <datafield tag="041" ind1=" " ind2=" ">
    <subfield code="a">ger</subfield>
  </datafield>
  <datafield tag="362" ind1="1" ind2=" ">
    <subfield code="a">1.1925,4.Dez. - 2.1927,26.Sept.</subfield>
  </datafield>
  <datafield tag="084" ind1=" " ind2=" ">
    <subfield code="a">070ZDB</subfield>
  </datafield>
  <datafield tag="084" ind1=" " ind2=" ">
    <subfield code="a">290ZDB</subfield>
  </datafield>
</record>