

pos=711 schema=info:srw/schema/1/marcxml-v1.1
<record xmlns="http://www.loc.gov/MARC21/slim">
  <leader>01422nas a2200349 u 4500</leader>
  <controlfield tag="001">BV002553491</controlfield>
  <controlfield tag="005">00000000000000.0</controlfield>
  <controlfield tag="007">hu|||||||||||||||||||||</controlfield>
  <controlfield tag="008">                  w     nn   |||        </controlfield>
  <datafield tag="022" ind1=" " ind2=" ">
    <subfield code="a">0361-1655</subfield>
  </datafield>
  <datafield tag="022" ind1=" " ind2=" ">
    <subfield code="a">0091-620x</subfield>
  </datafield>
  <datafield tag="022" ind1=" " ind2=" ">
    <subfield code="a">0036-4983</subfield>
  </datafield>
  <datafield tag="210" ind1="0" ind2="0">
    <subfield code="a">Saturday Rev</subfield>
  </datafield>
  <datafield tag="210" ind1="0" ind2="0">
    <subfield code="a">Sat. Rev.</subfield>
  </datafield>
  <datafield tag="210" ind1="0" ind2="0">
    <subfield code="a">SAREA</subfield>
  </datafield>
  <datafield tag="210" ind1="0" ind2="0">
    <subfield code="a">SAREA</subfield>
  </datafield>
  <datafield tag="245" ind1="0" ind2="0">
    <subfield code="a">Saturday review</subfield>
  </datafield>
  <datafield tag="260" ind1=" " ind2=" ">
    <subfield code="a">New York, NY</subfield>
    <subfield code="b">Saturday Review Associates</subfield>
    <subfield code="c">1952, 1986</subfield>
  </datafield>
  <datafield tag="310" ind1=" " ind2=" ">
    <subfield code="a">39.1956,27; 45.1962,30; 1982,Juli - 1983,Febr. nicht ersch.; Periodizitt̃: wc̲hentl.</subfield>
  </datafield>
  <datafield tag="533" ind1=" " ind2=" ">
    <subfield code="n">(reproduction note)</subfield>
  </datafield>
  <datafield tag="900" ind1=" " ind2=" ">
    <subfield code="a">FU Berlin: 144 </subfield>
    <subfield code="b">Signatur: V/ A/ S 255</subfield>
    <subfield code="m">ISSBD</subfield>
  </datafield>
  <datafield tag="900" ind1=" " ind2=" ">
    <subfield code="a">FU Berlin: 144 </subfield>
    <subfield code="b">Signatur: V/ FGH/ S 254</subfield>
    <subfield code="m">ISSBD</subfield>
  </datafield>
  <datafield tag="900" ind1=" " ind2=" ">
    <subfield code="a">FU Berlin: 144 </subfield>
    <subfield code="b">Signatur: MF 5218</subfield>
    <subfield code="m">ISSBD</subfield>
  </datafield>
  <datafield tag="016" ind1="7" ind2=" ">
    <subfield code="a">124492-9</subfield>
    <subfield code="2">DE-600</subfield>
  </datafield>
  <datafield tag="362" ind1="1" ind2=" ">
    <subfield code="a">35.1952 - 55.1972/73; [N.S.] 2.1974/75,8(Jan.) - 12.1986,2; damit Ersch. eingest.</subfield>
  </datafield>
  <datafield tag="247" ind1="0" ind2="0">
    <subfield code="a">BV002553492         Vorg. ---&gt;:Saturday review of literature</subfield>
  </datafield>
  <datafield tag="247" ind1="0" ind2="0">
    <subfield code="a">BV003750306         1973 ---&gt;:Saturday review / Saturday review of the arts</subfield>
  </datafield>
  <datafield tag="247" ind1="0" ind2="0">
    <subfield code="a">BV003750315         1973 ---&gt;:Saturday review of education</subfield>
  </datafield>
  <datafield tag="247" ind1="0" ind2="0">
    <subfield code="a">BV003750293         1973 ---&gt;:Saturday review of the sciences</subfield>
  </datafield>
  <datafield tag="247" ind1="0" ind2="0">
    <subfield code="a">BV003750283         1973 ---&gt;:Saturday review of the society</subfield>
  </datafield>
  <datafield tag="247" ind1="0" ind2="0">
    <subfield code="a">BV002553493         1.1973/74 - 2.1974/75,7(Dez.) ---&gt;:Saturday review - World</subfield>
  </datafield>
  <datafield tag="084" ind1=" " ind2=" ">
    <subfield code="a">070ZDB</subfield>
  </datafield>
</record>