

pos=721 schema=info:srw/schema/1/marcxml-v1.1
<record xmlns="http://www.loc.gov/MARC21/slim">
  <leader>24606nas a2204153 u 4500</leader>
  <controlfield tag="001">BV002542747</controlfield>
  <controlfield tag="005">00000000000000.0</controlfield>
  <controlfield tag="007">hu|||||||||||||||||||||</controlfield>
  <controlfield tag="008">                  w     nn   |||        </controlfield>
  <datafield tag="022" ind1=" " ind2=" ">
    <subfield code="a">0007-7135</subfield>
  </datafield>
  <datafield tag="210" ind1="0" ind2="0">
    <subfield code="a">Bus. Week</subfield>
  </datafield>
  <datafield tag="210" ind1="0" ind2="0">
    <subfield code="a">BUWEA3</subfield>
  </datafield>
  <datafield tag="210" ind1="0" ind2="0">
    <subfield code="a">BUWEA3</subfield>
  </datafield>
  <datafield tag="245" ind1="0" ind2="0">
    <subfield code="a">Business week: BW</subfield>
  </datafield>
  <datafield tag="245" ind1=" " ind2=" ">
    <subfield code="p">European edition</subfield>
  </datafield>
  <datafield tag="246" ind1=" " ind2="3">
    <subfield code="a">Business week / European edition</subfield>
  </datafield>
  <datafield tag="246" ind1="0" ind2="3">
    <subfield code="a">Nebent.:  International business week</subfield>
  </datafield>
  <datafield tag="246" ind1=" " ind2=" ">
    <subfield code="a">Sachl. Benennung frher: International edition</subfield>
  </datafield>
  <datafield tag="260" ind1=" " ind2=" ">
    <subfield code="a">New York, NY</subfield>
    <subfield code="b">McGraw-Hill</subfield>
    <subfield code="c">1929, 2006</subfield>
  </datafield>
  <datafield tag="310" ind1=" " ind2=" ">
    <subfield code="a">Teils ohne Zh̃lung; teils springt d. Zh̃lung u. ist unterschiedlich in Inhaltsverz. u. Impressum; 454 in 1. Zh̃lung, 3123 in 2. Zh̃lung u. 434=3104.1989 u. 976=3646.1999 bergangen ; Nr. 3627.1999 - 3957.1999; 1109=3779.2002; 1159=3829.2003; 3947 - 3967 in der Zh̃lung bersprungen;  Periodizitt̃: wc̲hentl.</subfield>
  </datafield>
  <datafield tag="525" ind1=" " ind2=" ">
    <subfield code="a">Ungezh̃lte Beil.:  e.biz</subfield>
  </datafield>
  <datafield tag="533" ind1=" " ind2=" ">
    <subfield code="n">(reproduction note)</subfield>
  </datafield>
  <datafield tag="580" ind1=" " ind2=" ">
    <subfield code="a">BV012580967         Online-Ausg. ---&gt;:Business week</subfield>
  </datafield>
  <datafield tag="580" ind1=" " ind2=" ">
    <subfield code="a">BV022209746         Online-Ausg. ---&gt;:Business week online</subfield>
  </datafield>
  <datafield tag="580" ind1=" " ind2=" ">
    <subfield code="a">|Parallelausg. ---&gt;  Business week / US edition</subfield>
  </datafield>
  <datafield tag="580" ind1=" " ind2=" ">
    <subfield code="a">|Parallelausg. ---&gt;  Business week / Asia edition</subfield>
  </datafield>
  <datafield tag="740" ind1="0" ind2="2">
    <subfield code="a">Business week / International edition</subfield>
  </datafield>
  <datafield tag="740" ind1="0" ind2=" ">
    <subfield code="a">Business week / International edition</subfield>
  </datafield>
  <datafield tag="740" ind1="0" ind2="2">
    <subfield code="a">BW</subfield>
  </datafield>
  <datafield tag="740" ind1="0" ind2=" ">
    <subfield code="a">BW</subfield>
  </datafield>
  <datafield tag="740" ind1="0" ind2="2">
    <subfield code="a">e.biz</subfield>
  </datafield>
  <datafield tag="740" ind1="0" ind2=" ">
    <subfield code="a">e.biz</subfield>
  </datafield>
  <datafield tag="740" ind1="0" ind2="2">
    <subfield code="a">European edition</subfield>
  </datafield>
  <datafield tag="740" ind1="0" ind2=" ">
    <subfield code="a">European edition</subfield>
  </datafield>
  <datafield tag="740" ind1="0" ind2="2">
    <subfield code="a">International business week</subfield>
  </datafield>
  <datafield tag="740" ind1="0" ind2=" ">
    <subfield code="a">International business week</subfield>
  </datafield>
  <datafield tag="740" ind1="0" ind2="2">
    <subfield code="a">International edition</subfield>
  </datafield>
  <datafield tag="740" ind1="0" ind2=" ">
    <subfield code="a">International edition</subfield>
  </datafield>
  <datafield tag="900" ind1=" " ind2=" ">
    <subfield code="a">FU Berlin: 144 </subfield>
    <subfield code="b">Signatur: V/ P/ B 981</subfield>
    <subfield code="m">ISSBD</subfield>
  </datafield>
  <datafield tag="900" ind1=" " ind2=" ">
    <subfield code="a">FU Berlin: 820 </subfield>
    <subfield code="b">Signatur: Z 872-1929 (Sept./Dec.)</subfield>
    <subfield code="m">ISSBD</subfield>
  </datafield>
  <datafield tag="900" ind1=" " ind2=" ">
    <subfield code="a">FU Berlin: 820 </subfield>
    <subfield code="b">Signatur: Z 872-1930,1 (Jan./June)</subfield>
    <subfield code="m">ISSBD</subfield>
  </datafield>
  <datafield tag="900" ind1=" " ind2=" ">
    <subfield code="a">FU Berlin: 820 </subfield>
    <subfield code="b">Signatur: Z 872-1930,2 (July/Dec.)</subfield>
    <subfield code="m">ISSBD</subfield>
  </datafield>
  <datafield tag="900" ind1=" " ind2=" ">
    <subfield code="a">FU Berlin: 820 </subfield>
    <subfield code="b">Signatur: Z 872-1931,1 (Jan./June)</subfield>
    <subfield code="m">ISSBD</subfield>
  </datafield>
  <datafield tag="900" ind1=" " ind2=" ">
    <subfield code="a">FU Berlin: 820 </subfield>
    <subfield code="b">Signatur: Z 872-1931,2 (July/Dec.)</subfield>
    <subfield code="m">ISSBD</subfield>
  </datafield>
  <datafield tag="900" ind1=" " ind2=" ">
    <subfield code="a">FU Berlin: 820 </subfield>
    <subfield code="b">Signatur: Z 872-1932,1 (Jan./June)</subfield>
    <subfield code="m">ISSBD</subfield>
  </datafield>
  <datafield tag="900" ind1=" " ind2=" ">
    <subfield code="a">FU Berlin: 820 </subfield>
    <subfield code="b">Signatur: Z 872-1932,2 (July/Dec.)</subfield>
    <subfield code="m">ISSBD</subfield>
  </datafield>
  <datafield tag="900" ind1=" " ind2=" ">
    <subfield code="a">FU Berlin: 820 </subfield>
    <subfield code="b">Signatur: Z 872-1933,1 (Jan./June)</subfield>
    <subfield code="m">ISSBD</subfield>
  </datafield>
  <datafield tag="900" ind1=" " ind2=" ">
    <subfield code="a">FU Berlin: 820 </subfield>
    <subfield code="b">Signatur: Z 872-1933,2 (July/Dec.)</subfield>
    <subfield code="m">ISSBD</subfield>
  </datafield>
  <datafield tag="900" ind1=" " ind2=" ">
    <subfield code="a">FU Berlin: 820 </subfield>
    <subfield code="b">Signatur: Z 872-1934,1 (Jan./June)</subfield>
    <subfield code="m">ISSBD</subfield>
  </datafield>
  <datafield tag="900" ind1=" " ind2=" ">
    <subfield code="a">FU Berlin: 820 </subfield>
    <subfield code="b">Signatur: Z 872-1934,2 (July/Dec.)</subfield>
    <subfield code="m">ISSBD</subfield>
  </datafield>
  <datafield tag="900" ind1=" " ind2=" ">
    <subfield code="a">FU Berlin: 820 </subfield>
    <subfield code="b">Signatur: Z 872-1935,1 (Jan./June)</subfield>
    <subfield code="m">ISSBD</subfield>
  </datafield>
  <datafield tag="900" ind1=" " ind2=" ">
    <subfield code="a">FU Berlin: 820 </subfield>
    <subfield code="b">Signatur: Z 872-1935,2 (July/Dec.)</subfield>
    <subfield code="m">ISSBD</subfield>
  </datafield>
  <datafield tag="900" ind1=" " ind2=" ">
    <subfield code="a">FU Berlin: 820 </subfield>
    <subfield code="b">Signatur: Z 872-1936,1 (Jan./June)</subfield>
    <subfield code="m">ISSBD</subfield>
  </datafield>
  <datafield tag="900" ind1=" " ind2=" ">
    <subfield code="a">FU Berlin: 820 </subfield>
    <subfield code="b">Signatur: Z 872-1936,2 (July/Dec.)</subfield>
    <subfield code="m">ISSBD</subfield>
  </datafield>
  <datafield tag="900" ind1=" " ind2=" ">
    <subfield code="a">FU Berlin: 820 </subfield>
    <subfield code="b">Signatur: Z 872-1937,1 (Jan./June)</subfield>
    <subfield code="m">ISSBD</subfield>
  </datafield>
  <datafield tag="900" ind1=" " ind2=" ">
    <subfield code="a">FU Berlin: 820 </subfield>
    <subfield code="b">Signatur: Z 872-1937,2 (July/Dec.)</subfield>
    <subfield code="m">ISSBD</subfield>
  </datafield>
  <datafield tag="900" ind1=" " ind2=" ">
    <subfield code="a">FU Berlin: 820 </subfield>
    <subfield code="b">Signatur: Z 872-1938,1 (Jan./June)</subfield>
    <subfield code="m">ISSBD</subfield>
  </datafield>
  <datafield tag="900" ind1=" " ind2=" ">
    <subfield code="a">FU Berlin: 820 </subfield>
    <subfield code="b">Signatur: Z 872-1938,2 (July/Dec.)</subfield>
    <subfield code="m">ISSBD</subfield>
  </datafield>
  <datafield tag="900" ind1=" " ind2=" ">
    <subfield code="a">FU Berlin: 820 </subfield>
    <subfield code="b">Signatur: Z 872-1939,1 (Jan./June)</subfield>
    <subfield code="m">ISSBD</subfield>
  </datafield>
  <datafield tag="900" ind1=" " ind2=" ">
    <subfield code="a">FU Berlin: 820 </subfield>
    <subfield code="b">Signatur: Z 872-1939,2 (July/Dec.)</subfield>
    <subfield code="m">ISSBD</subfield>
  </datafield>
  <datafield tag="900" ind1=" " ind2=" ">
    <subfield code="a">FU Berlin: 820 </subfield>
    <subfield code="b">Signatur: Z 872-1940,1 (Jan./March)</subfield>
    <subfield code="m">ISSBD</subfield>
  </datafield>
  <datafield tag="900" ind1=" " ind2=" ">
    <subfield code="a">FU Berlin: 820 </subfield>
    <subfield code="b">Signatur: Z 872-1940,2 (Apr./June)</subfield>
    <subfield code="m">ISSBD</subfield>
  </datafield>
  <datafield tag="900" ind1=" " ind2=" ">
    <subfield code="a">FU Berlin: 820 </subfield>
    <subfield code="b">Signatur: Z 872-1940,3 (July/Sept.)</subfield>
    <subfield code="m">ISSBD</subfield>
  </datafield>
  <datafield tag="900" ind1=" " ind2=" ">
    <subfield code="a">FU Berlin: 820 </subfield>
    <subfield code="b">Signatur: Z 872-1940,4 (Oct./Dec.)</subfield>
    <subfield code="m">ISSBD</subfield>
  </datafield>
  <datafield tag="900" ind1=" " ind2=" ">
    <subfield code="a">FU Berlin: 820 </subfield>
    <subfield code="b">Signatur: Z 872-1941,1 (Jan./June)</subfield>
    <subfield code="m">ISSBD</subfield>
  </datafield>
  <datafield tag="900" ind1=" " ind2=" ">
    <subfield code="a">FU Berlin: 820 </subfield>
    <subfield code="b">Signatur: Z 872-1941,2 (July/Sept)</subfield>
    <subfield code="m">ISSBD</subfield>
  </datafield>
  <datafield tag="900" ind1=" " ind2=" ">
    <subfield code="a">FU Berlin: 820 </subfield>
    <subfield code="b">Signatur: Z 872-1941,3 (Oct./Dec.)</subfield>
    <subfield code="m">ISSBD</subfield>
  </datafield>
  <datafield tag="900" ind1=" " ind2=" ">
    <subfield code="a">FU Berlin: 820 </subfield>
    <subfield code="b">Signatur: Z 872-1942,1 (Jan./March)</subfield>
    <subfield code="m">ISSBD</subfield>
  </datafield>
  <datafield tag="900" ind1=" " ind2=" ">
    <subfield code="a">FU Berlin: 820 </subfield>
    <subfield code="b">Signatur: Z 872-1942,2 (Apr./June)</subfield>
    <subfield code="m">ISSBD</subfield>
  </datafield>
  <datafield tag="900" ind1=" " ind2=" ">
    <subfield code="a">FU Berlin: 820 </subfield>
    <subfield code="b">Signatur: Z 872-1942,3 (July/Sept.)</subfield>
    <subfield code="m">ISSBD</subfield>
  </datafield>
  <datafield tag="900" ind1=" " ind2=" ">
    <subfield code="a">FU Berlin: 820 </subfield>
    <subfield code="b">Signatur: Z 872-1942,4 (Oct./Dec.)</subfield>
    <subfield code="m">ISSBD</subfield>
  </datafield>
  <datafield tag="900" ind1=" " ind2=" ">
    <subfield code="a">FU Berlin: 820 </subfield>
    <subfield code="b">Signatur: Z 872-1943,1 (Jan./March)</subfield>
    <subfield code="m">ISSBD</subfield>
  </datafield>
  <datafield tag="900" ind1=" " ind2=" ">
    <subfield code="a">FU Berlin: 820 </subfield>
    <subfield code="b">Signatur: Z 872-1943,2 (Apr./June)</subfield>
    <subfield code="m">ISSBD</subfield>
  </datafield>
  <datafield tag="900" ind1=" " ind2=" ">
    <subfield code="a">FU Berlin: 820 </subfield>
    <subfield code="b">Signatur: Z 872-1943,3 (July/Sept.)</subfield>
    <subfield code="m">ISSBD</subfield>
  </datafield>
  <datafield tag="900" ind1=" " ind2=" ">
    <subfield code="a">FU Berlin: 820 </subfield>
    <subfield code="b">Signatur: Z 872-1943,4 (Oct./Dec.)</subfield>
    <subfield code="m">ISSBD</subfield>
  </datafield>
  <datafield tag="900" ind1=" " ind2=" ">
    <subfield code="a">FU Berlin: 820 </subfield>
    <subfield code="b">Signatur: Z 872-1944,1 (Jan./March)</subfield>
    <subfield code="m">ISSBD</subfield>
  </datafield>
  <datafield tag="900" ind1=" " ind2=" ">
    <subfield code="a">FU Berlin: 820 </subfield>
    <subfield code="b">Signatur: Z 872-1944,2 (Apr./June)</subfield>
    <subfield code="m">ISSBD</subfield>
  </datafield>
  <datafield tag="900" ind1=" " ind2=" ">
    <subfield code="a">FU Berlin: 820 </subfield>
    <subfield code="b">Signatur: Z 872-1944,3 (July/Sept.)</subfield>
    <subfield code="m">ISSBD</subfield>
  </datafield>
  <datafield tag="900" ind1=" " ind2=" ">
    <subfield code="a">FU Berlin: 820 </subfield>
    <subfield code="b">Signatur: Z 872-1944,4 (Oct./Dec.)</subfield>
    <subfield code="m">ISSBD</subfield>
  </datafield>
  <datafield tag="900" ind1=" " ind2=" ">
    <subfield code="a">FU Berlin: 820 </subfield>
    <subfield code="b">Signatur: Z 872-1945,1 (Jan./March)</subfield>
    <subfield code="m">ISSBD</subfield>
  </datafield>
  <datafield tag="900" ind1=" " ind2=" ">
    <subfield code="a">FU Berlin: 820 </subfield>
    <subfield code="b">Signatur: Z 872-1945,2 (Apr./June)</subfield>
    <subfield code="m">ISSBD</subfield>
  </datafield>
  <datafield tag="900" ind1=" " ind2=" ">
    <subfield code="a">FU Berlin: 820 </subfield>
    <subfield code="b">Signatur: Z 872-1945,3 (July/Sept.)</subfield>
    <subfield code="m">ISSBD</subfield>
  </datafield>
  <datafield tag="900" ind1=" " ind2=" ">
    <subfield code="a">FU Berlin: 820 </subfield>
    <subfield code="b">Signatur: Z 872-1945,4 (Oct./Dec.)</subfield>
    <subfield code="m">ISSBD</subfield>
  </datafield>
  <datafield tag="900" ind1=" " ind2=" ">
    <subfield code="a">FU Berlin: 820 </subfield>
    <subfield code="b">Signatur: Z 872-1946,1 (Jan./March)</subfield>
    <subfield code="m">ISSBD</subfield>
  </datafield>
  <datafield tag="900" ind1=" " ind2=" ">
    <subfield code="a">FU Berlin: 820 </subfield>
    <subfield code="b">Signatur: Z 872-1946,2 (Apr./June)</subfield>
    <subfield code="m">ISSBD</subfield>
  </datafield>
  <datafield tag="900" ind1=" " ind2=" ">
    <subfield code="a">FU Berlin: 820 </subfield>
    <subfield code="b">Signatur: Z 872-1946,3 (July/Sept.)</subfield>
    <subfield code="m">ISSBD</subfield>
  </datafield>
  <datafield tag="900" ind1=" " ind2=" ">
    <subfield code="a">FU Berlin: 820 </subfield>
    <subfield code="b">Signatur: Z 872-1946,4 (Oct./Dec.)</subfield>
    <subfield code="m">ISSBD</subfield>
  </datafield>
  <datafield tag="900" ind1=" " ind2=" ">
    <subfield code="a">FU Berlin: 820 </subfield>
    <subfield code="b">Signatur: Z 872-1947,1 (Jan./March)</subfield>
    <subfield code="m">ISSBD</subfield>
  </datafield>
  <datafield tag="900" ind1=" " ind2=" ">
    <subfield code="a">FU Berlin: 820 </subfield>
    <subfield code="b">Signatur: Z 872-1947,2 (Apr./June)</subfield>
    <subfield code="m">ISSBD</subfield>
  </datafield>
  <datafield tag="900" ind1=" " ind2=" ">
    <subfield code="a">FU Berlin: 820 </subfield>
    <subfield code="b">Signatur: Z 872-1947,3 (July/Sept.)</subfield>
    <subfield code="m">ISSBD</subfield>
  </datafield>
  <datafield tag="900" ind1=" " ind2=" ">
    <subfield code="a">FU Berlin: 820 </subfield>
    <subfield code="b">Signatur: Z 872-1947,4 (Oct./Dec.)</subfield>
    <subfield code="m">ISSBD</subfield>
  </datafield>
  <datafield tag="900" ind1=" " ind2=" ">
    <subfield code="a">FU Berlin: 820 </subfield>
    <subfield code="b">Signatur: Z 872-1948,1 (Jan./March)</subfield>
    <subfield code="m">ISSBD</subfield>
  </datafield>
  <datafield tag="900" ind1=" " ind2=" ">
    <subfield code="a">FU Berlin: 820 </subfield>
    <subfield code="b">Signatur: Z 872-1948,2 (Apr./June)</subfield>
    <subfield code="m">ISSBD</subfield>
  </datafield>
  <datafield tag="900" ind1=" " ind2=" ">
    <subfield code="a">FU Berlin: 820 </subfield>
    <subfield code="b">Signatur: Z 872-1948,3 (July/Sept.)</subfield>
    <subfield code="m">ISSBD</subfield>
  </datafield>
  <datafield tag="900" ind1=" " ind2=" ">
    <subfield code="a">FU Berlin: 820 </subfield>
    <subfield code="b">Signatur: Z 872-1948,4 (Oct./Dec.)</subfield>
    <subfield code="m">ISSBD</subfield>
  </datafield>
  <datafield tag="900" ind1=" " ind2=" ">
    <subfield code="a">FU Berlin: 820 </subfield>
    <subfield code="b">Signatur: Z 872-1949,1 (Jan./March)</subfield>
    <subfield code="m">ISSBD</subfield>
  </datafield>
  <datafield tag="900" ind1=" " ind2=" ">
    <subfield code="a">FU Berlin: 820 </subfield>
    <subfield code="b">Signatur: Z 872-1949,2 (Apr./June)</subfield>
    <subfield code="m">ISSBD</subfield>
  </datafield>
  <datafield tag="900" ind1=" " ind2=" ">
    <subfield code="a">FU Berlin: 820 </subfield>
    <subfield code="b">Signatur: Z 872-1949,3 (July/Sept.)</subfield>
    <subfield code="m">ISSBD</subfield>
  </datafield>
  <datafield tag="900" ind1=" " ind2=" ">
    <subfield code="a">FU Berlin: 820 </subfield>
    <subfield code="b">Signatur: Z 872-1949,4 (Oct./Dec.)</subfield>
    <subfield code="m">ISSBD</subfield>
  </datafield>
  <datafield tag="900" ind1=" " ind2=" ">
    <subfield code="a">FU Berlin: 820 </subfield>
    <subfield code="b">Signatur: Z 872-1950,1 (Jan./Febr.)</subfield>
    <subfield code="m">ISSBD</subfield>
  </datafield>
  <datafield tag="900" ind1=" " ind2=" ">
    <subfield code="a">FU Berlin: 820 </subfield>
    <subfield code="b">Signatur: Z 872-1950,2 (March/Apr.)</subfield>
    <subfield code="m">ISSBD</subfield>
  </datafield>
  <datafield tag="900" ind1=" " ind2=" ">
    <subfield code="a">FU Berlin: 820 </subfield>
    <subfield code="b">Signatur: Z 872-1950,3 (May/June)</subfield>
    <subfield code="m">ISSBD</subfield>
  </datafield>
  <datafield tag="900" ind1=" " ind2=" ">
    <subfield code="a">FU Berlin: 820 </subfield>
    <subfield code="b">Signatur: Z 872-1950,4 (July/Sept.)</subfield>
    <subfield code="m">ISSBD</subfield>
  </datafield>
  <datafield tag="900" ind1=" " ind2=" ">
    <subfield code="a">FU Berlin: 820 </subfield>
    <subfield code="b">Signatur: Z 872-1950,5 (Oct./Dec.)</subfield>
    <subfield code="m">ISSBD</subfield>
  </datafield>
  <datafield tag="900" ind1=" " ind2=" ">
    <subfield code="a">FU Berlin: 820 </subfield>
    <subfield code="b">Signatur: Z 872-1951,1 (Jan./June)</subfield>
    <subfield code="m">ISSBD</subfield>
  </datafield>
  <datafield tag="900" ind1=" " ind2=" ">
    <subfield code="a">FU Berlin: 820 </subfield>
    <subfield code="b">Signatur: Z 872-1951,2 (July/Dec.)</subfield>
    <subfield code="m">ISSBD</subfield>
  </datafield>
  <datafield tag="900" ind1=" " ind2=" ">
    <subfield code="a">FU Berlin: 820 </subfield>
    <subfield code="b">Signatur: Z 872-1952,1 (Jan./Febr.)</subfield>
    <subfield code="m">ISSBD</subfield>
  </datafield>
  <datafield tag="900" ind1=" " ind2=" ">
    <subfield code="a">FU Berlin: 820 </subfield>
    <subfield code="b">Signatur: Z 872-1952,2 (March/Apr.)</subfield>
    <subfield code="m">ISSBD</subfield>
  </datafield>
  <datafield tag="900" ind1=" " ind2=" ">
    <subfield code="a">FU Berlin: 820 </subfield>
    <subfield code="b">Signatur: Z 872-1952,3 (May/June)</subfield>
    <subfield code="m">ISSBD</subfield>
  </datafield>
  <datafield tag="900" ind1=" " ind2=" ">
    <subfield code="a">FU Berlin: 820 </subfield>
    <subfield code="b">Signatur: Z 872-1952,4 (July/Aug.)</subfield>
    <subfield code="m">ISSBD</subfield>
  </datafield>
  <datafield tag="900" ind1=" " ind2=" ">
    <subfield code="a">FU Berlin: 820 </subfield>
    <subfield code="b">Signatur: Z 872-1952,5 (Sept./Oct.)</subfield>
    <subfield code="m">ISSBD</subfield>
  </datafield>
  <datafield tag="900" ind1=" " ind2=" ">
    <subfield code="a">FU Berlin: 820 </subfield>
    <subfield code="b">Signatur: Z 872-1952,6 (Nov./Dec.)</subfield>
    <subfield code="m">ISSBD</subfield>
  </datafield>
  <datafield tag="900" ind1=" " ind2=" ">
    <subfield code="a">FU Berlin: 820 </subfield>
    <subfield code="b">Signatur: Z 872-1953,1 (Jan.)</subfield>
    <subfield code="m">ISSBD</subfield>
  </datafield>
  <datafield tag="900" ind1=" " ind2=" ">
    <subfield code="a">FU Berlin: 820 </subfield>
    <subfield code="b">Signatur: Z 872-1953,10 (Oct.)</subfield>
    <subfield code="m">ISSBD</subfield>
  </datafield>
  <datafield tag="900" ind1=" " ind2=" ">
    <subfield code="a">FU Berlin: 820 </subfield>
    <subfield code="b">Signatur: Z 872-1953,11 (Nov.)</subfield>
    <subfield code="m">ISSBD</subfield>
  </datafield>
  <datafield tag="900" ind1=" " ind2=" ">
    <subfield code="a">FU Berlin: 820 </subfield>
    <subfield code="b">Signatur: Z 872-1953,12 (Dec.)</subfield>
    <subfield code="m">ISSBD</subfield>
  </datafield>
  <datafield tag="900" ind1=" " ind2=" ">
    <subfield code="a">FU Berlin: 820 </subfield>
    <subfield code="b">Signatur: Z 872-1953,2 (Febr.)</subfield>
    <subfield code="m">ISSBD</subfield>
  </datafield>
  <datafield tag="900" ind1=" " ind2=" ">
    <subfield code="a">FU Berlin: 820 </subfield>
    <subfield code="b">Signatur: Z 872-1953,3 (March)</subfield>
    <subfield code="m">ISSBD</subfield>
  </datafield>
  <datafield tag="900" ind1=" " ind2=" ">
    <subfield code="a">FU Berlin: 820 </subfield>
    <subfield code="b">Signatur: Z 872-1953,4 (Apr.)</subfield>
    <subfield code="m">ISSBD</subfield>
  </datafield>
  <datafield tag="900" ind1=" " ind2=" ">
    <subfield code="a">FU Berlin: 820 </subfield>
    <subfield code="b">Signatur: Z 872-1953,5 (May)</subfield>
    <subfield code="m">ISSBD</subfield>
  </datafield>
  <datafield tag="900" ind1=" " ind2=" ">
    <subfield code="a">FU Berlin: 820 </subfield>
    <subfield code="b">Signatur: Z 872-1953,6 (June)</subfield>
    <subfield code="m">ISSBD</subfield>
  </datafield>
  <datafield tag="900" ind1=" " ind2=" ">
    <subfield code="a">FU Berlin: 820 </subfield>
    <subfield code="b">Signatur: Z 872-1953,7 (July)</subfield>
    <subfield code="m">ISSBD</subfield>
  </datafield>
  <datafield tag="900" ind1=" " ind2=" ">
    <subfield code="a">FU Berlin: 820 </subfield>
    <subfield code="b">Signatur: Z 872-1953,8 (Aug.)</subfield>
    <subfield code="m">ISSBD</subfield>
  </datafield>
  <datafield tag="900" ind1=" " ind2=" ">
    <subfield code="a">FU Berlin: 820 </subfield>
    <subfield code="b">Signatur: Z 872-1953,9 (Sept.)</subfield>
    <subfield code="m">ISSBD</subfield>
  </datafield>
  <datafield tag="900" ind1=" " ind2=" ">
    <subfield code="a">FU Berlin: 820 </subfield>
    <subfield code="b">Signatur: Z 872-1954,1 (Jan./June)</subfield>
    <subfield code="m">ISSBD</subfield>
  </datafield>
  <datafield tag="900" ind1=" " ind2=" ">
    <subfield code="a">FU Berlin: 820 </subfield>
    <subfield code="b">Signatur: Z 872-1954,2 (July/Dec.)</subfield>
    <subfield code="m">ISSBD</subfield>
  </datafield>
  <datafield tag="900" ind1=" " ind2=" ">
    <subfield code="a">FU Berlin: 820 </subfield>
    <subfield code="b">Signatur: Z 872-1955,1 (Jan.)</subfield>
    <subfield code="m">ISSBD</subfield>
  </datafield>
  <datafield tag="900" ind1=" " ind2=" ">
    <subfield code="a">FU Berlin: 820 </subfield>
    <subfield code="b">Signatur: Z 872-1955,2 (Febr.)</subfield>
    <subfield code="m">ISSBD</subfield>
  </datafield>
  <datafield tag="900" ind1=" " ind2=" ">
    <subfield code="a">FU Berlin: 820 </subfield>
    <subfield code="b">Signatur: Z 872-1955,3 (March)</subfield>
    <subfield code="m">ISSBD</subfield>
  </datafield>
  <datafield tag="900" ind1=" " ind2=" ">
    <subfield code="a">FU Berlin: 820 </subfield>
    <subfield code="b">Signatur: Z 872-1955,4 (Apr./June)</subfield>
    <subfield code="m">ISSBD</subfield>
  </datafield>
  <datafield tag="900" ind1=" " ind2=" ">
    <subfield code="a">FU Berlin: 820 </subfield>
    <subfield code="b">Signatur: Z 872-1955,5 (July)</subfield>
    <subfield code="m">ISSBD</subfield>
  </datafield>
  <datafield tag="900" ind1=" " ind2=" ">
    <subfield code="a">FU Berlin: 820 </subfield>
    <subfield code="b">Signatur: Z 872-1955,6 (Aug.)</subfield>
    <subfield code="m">ISSBD</subfield>
  </datafield>
  <datafield tag="900" ind1=" " ind2=" ">
    <subfield code="a">FU Berlin: 820 </subfield>
    <subfield code="b">Signatur: Z 872-1955,7 (Sept.)</subfield>
    <subfield code="m">ISSBD</subfield>
  </datafield>
  <datafield tag="900" ind1=" " ind2=" ">
    <subfield code="a">FU Berlin: 820 </subfield>
    <subfield code="b">Signatur: Z 872-1955,8 (Oct./Dec.)</subfield>
    <subfield code="m">ISSBD</subfield>
  </datafield>
  <datafield tag="900" ind1=" " ind2=" ">
    <subfield code="a">FU Berlin: 820 </subfield>
    <subfield code="b">Signatur: Z 872-1956,1 (Jan./March)</subfield>
    <subfield code="m">ISSBD</subfield>
  </datafield>
  <datafield tag="900" ind1=" " ind2=" ">
    <subfield code="a">FU Berlin: 820 </subfield>
    <subfield code="b">Signatur: Z 872-1956,2 (Apr./June)</subfield>
    <subfield code="m">ISSBD</subfield>
  </datafield>
  <datafield tag="900" ind1=" " ind2=" ">
    <subfield code="a">FU Berlin: 820 </subfield>
    <subfield code="b">Signatur: Z 872-1956,3 (July/Sept.)</subfield>
    <subfield code="m">ISSBD</subfield>
  </datafield>
  <datafield tag="900" ind1=" " ind2=" ">
    <subfield code="a">FU Berlin: 820 </subfield>
    <subfield code="b">Signatur: Z 872-1956,4 (Oct./Dec.)</subfield>
    <subfield code="m">ISSBD</subfield>
  </datafield>
  <datafield tag="900" ind1=" " ind2=" ">
    <subfield code="a">FU Berlin: 820 </subfield>
    <subfield code="b">Signatur: Z 872-1957,1 (Jan./Febr.)</subfield>
    <subfield code="m">ISSBD</subfield>
  </datafield>
  <datafield tag="900" ind1=" " ind2=" ">
    <subfield code="a">FU Berlin: 820 </subfield>
    <subfield code="b">Signatur: Z 872-1957,2 (March/Apr.)</subfield>
    <subfield code="m">ISSBD</subfield>
  </datafield>
  <datafield tag="900" ind1=" " ind2=" ">
    <subfield code="a">FU Berlin: 820 </subfield>
    <subfield code="b">Signatur: Z 872-1957,3 (May/June)</subfield>
    <subfield code="m">ISSBD</subfield>
  </datafield>
  <datafield tag="900" ind1=" " ind2=" ">
    <subfield code="a">FU Berlin: 820 </subfield>
    <subfield code="b">Signatur: Z 872-1957,4 (July/Aug.)</subfield>
    <subfield code="m">ISSBD</subfield>
  </datafield>
  <datafield tag="900" ind1=" " ind2=" ">
    <subfield code="a">FU Berlin: 820 </subfield>
    <subfield code="b">Signatur: Z 872-1957,5 (Sept./Oct.)</subfield>
    <subfield code="m">ISSBD</subfield>
  </datafield>
  <datafield tag="900" ind1=" " ind2=" ">
    <subfield code="a">FU Berlin: 820 </subfield>
    <subfield code="b">Signatur: Z 872-1957,6 (Nov./Dec.)</subfield>
    <subfield code="m">ISSBD</subfield>
  </datafield>
  <datafield tag="900" ind1=" " ind2=" ">
    <subfield code="a">FU Berlin: 820 </subfield>
    <subfield code="b">Signatur: Z 872-1958,1 (Jan./Febr.)</subfield>
    <subfield code="m">ISSBD</subfield>
  </datafield>
  <datafield tag="900" ind1=" " ind2=" ">
    <subfield code="a">FU Berlin: 820 </subfield>
    <subfield code="b">Signatur: Z 872-1958,2 (March/Apr.)</subfield>
    <subfield code="m">ISSBD</subfield>
  </datafield>
  <datafield tag="900" ind1=" " ind2=" ">
    <subfield code="a">FU Berlin: 820 </subfield>
    <subfield code="b">Signatur: Z 872-1958,3 (May/June)</subfield>
    <subfield code="m">ISSBD</subfield>
  </datafield>
  <datafield tag="900" ind1=" " ind2=" ">
    <subfield code="a">FU Berlin: 820 </subfield>
    <subfield code="b">Signatur: Z 872-1958,4 (July/Aug.)</subfield>
    <subfield code="m">ISSBD</subfield>
  </datafield>
  <datafield tag="900" ind1=" " ind2=" ">
    <subfield code="a">FU Berlin: 820 </subfield>
    <subfield code="b">Signatur: Z 872-1958,5 (Sept./Oct.)</subfield>
    <subfield code="m">ISSBD</subfield>
  </datafield>
  <datafield tag="900" ind1=" " ind2=" ">
    <subfield code="a">FU Berlin: 820 </subfield>
    <subfield code="b">Signatur: Z 872-1958,6 (Nov./Dec.)</subfield>
    <subfield code="m">ISSBD</subfield>
  </datafield>
  <datafield tag="900" ind1=" " ind2=" ">
    <subfield code="a">FU Berlin: 820 </subfield>
    <subfield code="b">Signatur: Z 872-1959,1 (Jan./Febr.)</subfield>
    <subfield code="m">ISSBD</subfield>
  </datafield>
  <datafield tag="900" ind1=" " ind2=" ">
    <subfield code="a">FU Berlin: 820 </subfield>
    <subfield code="b">Signatur: Z 872-1959,2 (March/Apr.)</subfield>
    <subfield code="m">ISSBD</subfield>
  </datafield>
  <datafield tag="900" ind1=" " ind2=" ">
    <subfield code="a">FU Berlin: 820 </subfield>
    <subfield code="b">Signatur: Z 872-1959,3 (May/June)</subfield>
    <subfield code="m">ISSBD</subfield>
  </datafield>
  <datafield tag="900" ind1=" " ind2=" ">
    <subfield code="a">FU Berlin: 820 </subfield>
    <subfield code="b">Signatur: Z 872-1959,4 (July/Aug.)</subfield>
    <subfield code="m">ISSBD</subfield>
  </datafield>
  <datafield tag="900" ind1=" " ind2=" ">
    <subfield code="a">FU Berlin: 820 </subfield>
    <subfield code="b">Signatur: Z 872-1959,5 (Sept./Oct.)</subfield>
    <subfield code="m">ISSBD</subfield>
  </datafield>
  <datafield tag="900" ind1=" " ind2=" ">
    <subfield code="a">FU Berlin: 820 </subfield>
    <subfield code="b">Signatur: Z 872-1959,6 (Nov./Dec.)</subfield>
    <subfield code="m">ISSBD</subfield>
  </datafield>
  <datafield tag="900" ind1=" " ind2=" ">
    <subfield code="a">FU Berlin: 820 </subfield>
    <subfield code="b">Signatur: Z 872-1960,1 (Jan./Febr.)</subfield>
    <subfield code="m">ISSBD</subfield>
  </datafield>
  <datafield tag="900" ind1=" " ind2=" ">
    <subfield code="a">FU Berlin: 820 </subfield>
    <subfield code="b">Signatur: Z 872-1960,2 (March/Apr.)</subfield>
    <subfield code="m">ISSBD</subfield>
  </datafield>
  <datafield tag="900" ind1=" " ind2=" ">
    <subfield code="a">FU Berlin: 820 </subfield>
    <subfield code="b">Signatur: Z 872-1960,3 (May/June)</subfield>
    <subfield code="m">ISSBD</subfield>
  </datafield>
  <datafield tag="900" ind1=" " ind2=" ">
    <subfield code="a">FU Berlin: 820 </subfield>
    <subfield code="b">Signatur: Z 872-1960,4 (July/Aug.)</subfield>
    <subfield code="m">ISSBD</subfield>
  </datafield>
  <datafield tag="900" ind1=" " ind2=" ">
    <subfield code="a">FU Berlin: 820 </subfield>
    <subfield code="b">Signatur: Z 872-1960,5 (Sept./Oct.)</subfield>
    <subfield code="m">ISSBD</subfield>
  </datafield>
  <datafield tag="900" ind1=" " ind2=" ">
    <subfield code="a">FU Berlin: 820 </subfield>
    <subfield code="b">Signatur: Z 872-1960,6 (Nov./Dec.)</subfield>
    <subfield code="m">ISSBD</subfield>
  </datafield>
  <datafield tag="900" ind1=" " ind2=" ">
    <subfield code="a">FU Berlin: 820 </subfield>
    <subfield code="b">Signatur: Z 872-1961,1 (Jan./March)</subfield>
    <subfield code="m">ISSBD</subfield>
  </datafield>
  <datafield tag="900" ind1=" " ind2=" ">
    <subfield code="a">FU Berlin: 820 </subfield>
    <subfield code="b">Signatur: Z 872-1961,2 (Apr./June)</subfield>
    <subfield code="m">ISSBD</subfield>
  </datafield>
  <datafield tag="900" ind1=" " ind2=" ">
    <subfield code="a">FU Berlin: 820 </subfield>
    <subfield code="b">Signatur: Z 872-1961,3 (July/Sept.)</subfield>
    <subfield code="m">ISSBD</subfield>
  </datafield>
  <datafield tag="900" ind1=" " ind2=" ">
    <subfield code="a">FU Berlin: 820 </subfield>
    <subfield code="b">Signatur: Z 872-1961,4 (Oct./Dec.)</subfield>
    <subfield code="m">ISSBD</subfield>
  </datafield>
  <datafield tag="900" ind1=" " ind2=" ">
    <subfield code="a">FU Berlin: 820 </subfield>
    <subfield code="b">Signatur: Z 872-1962,1 (Jan./March)</subfield>
    <subfield code="m">ISSBD</subfield>
  </datafield>
  <datafield tag="900" ind1=" " ind2=" ">
    <subfield code="a">FU Berlin: 820 </subfield>
    <subfield code="b">Signatur: Z 872-1962,2 (Apr./May)</subfield>
    <subfield code="m">ISSBD</subfield>
  </datafield>
  <datafield tag="900" ind1=" " ind2=" ">
    <subfield code="a">FU Berlin: 820 </subfield>
    <subfield code="b">Signatur: Z 872-1962,3 (June)</subfield>
    <subfield code="m">ISSBD</subfield>
  </datafield>
  <datafield tag="900" ind1=" " ind2=" ">
    <subfield code="a">FU Berlin: 820 </subfield>
    <subfield code="b">Signatur: Z 872-1962,4 (July/Aug.)</subfield>
    <subfield code="m">ISSBD</subfield>
  </datafield>
  <datafield tag="900" ind1=" " ind2=" ">
    <subfield code="a">FU Berlin: 820 </subfield>
    <subfield code="b">Signatur: Z 872-1962,5 (Sept./Oct.)</subfield>
    <subfield code="m">ISSBD</subfield>
  </datafield>
  <datafield tag="900" ind1=" " ind2=" ">
    <subfield code="a">FU Berlin: 820 </subfield>
    <subfield code="b">Signatur: Z 872-1962,6 (Nov./Dec.)</subfield>
    <subfield code="m">ISSBD</subfield>
  </datafield>
  <datafield tag="900" ind1=" " ind2=" ">
    <subfield code="a">FU Berlin: 820 </subfield>
    <subfield code="b">Signatur: Z 872-1963,1 (Jan./Febr.)</subfield>
    <subfield code="m">ISSBD</subfield>
  </datafield>
  <datafield tag="900" ind1=" " ind2=" ">
    <subfield code="a">FU Berlin: 820 </subfield>
    <subfield code="b">Signatur: Z 872-1963,2 (March/Apr.)</subfield>
    <subfield code="m">ISSBD</subfield>
  </datafield>
  <datafield tag="900" ind1=" " ind2=" ">
    <subfield code="a">FU Berlin: 820 </subfield>
    <subfield code="b">Signatur: Z 872-1963,3 (May/June)</subfield>
    <subfield code="m">ISSBD</subfield>
  </datafield>
  <datafield tag="900" ind1=" " ind2=" ">
    <subfield code="a">FU Berlin: 820 </subfield>
    <subfield code="b">Signatur: Z 872-1963,4 (July/Aug.)</subfield>
    <subfield code="m">ISSBD</subfield>
  </datafield>
  <datafield tag="900" ind1=" " ind2=" ">
    <subfield code="a">FU Berlin: 820 </subfield>
    <subfield code="b">Signatur: Z 872-1963,5 (Sept./Oct.)</subfield>
    <subfield code="m">ISSBD</subfield>
  </datafield>
  <datafield tag="900" ind1=" " ind2=" ">
    <subfield code="a">FU Berlin: 820 </subfield>
    <subfield code="b">Signatur: Z 872-1963,6 (Nov./Dec.)</subfield>
    <subfield code="m">ISSBD</subfield>
  </datafield>
  <datafield tag="900" ind1=" " ind2=" ">
    <subfield code="a">FU Berlin: 820 </subfield>
    <subfield code="b">Signatur: Z 872-1964,1 (Jan./Febr.)</subfield>
    <subfield code="m">ISSBD</subfield>
  </datafield>
  <datafield tag="900" ind1=" " ind2=" ">
    <subfield code="a">FU Berlin: 820 </subfield>
    <subfield code="b">Signatur: Z 872-1964,2 (March/Apr.)</subfield>
    <subfield code="m">ISSBD</subfield>
  </datafield>
  <datafield tag="900" ind1=" " ind2=" ">
    <subfield code="a">FU Berlin: 820 </subfield>
    <subfield code="b">Signatur: Z 872-1964,3 (May/June)</subfield>
    <subfield code="m">ISSBD</subfield>
  </datafield>
  <datafield tag="900" ind1=" " ind2=" ">
    <subfield code="a">FU Berlin: 820 </subfield>
    <subfield code="b">Signatur: Z 872-1964,4 (July/Aug.)</subfield>
    <subfield code="m">ISSBD</subfield>
  </datafield>
  <datafield tag="900" ind1=" " ind2=" ">
    <subfield code="a">FU Berlin: 820 </subfield>
    <subfield code="b">Signatur: Z 872-1964,5 (Sept./Oct.)</subfield>
    <subfield code="m">ISSBD</subfield>
  </datafield>
  <datafield tag="900" ind1=" " ind2=" ">
    <subfield code="a">FU Berlin: 820 </subfield>
    <subfield code="b">Signatur: Z 872-1964,6 (Nov./Dec.)</subfield>
    <subfield code="m">ISSBD</subfield>
  </datafield>
  <datafield tag="900" ind1=" " ind2=" ">
    <subfield code="a">FU Berlin: 820 </subfield>
    <subfield code="b">Signatur: Z 872-1965,1 (Jan./Febr.)</subfield>
    <subfield code="m">ISSBD</subfield>
  </datafield>
  <datafield tag="900" ind1=" " ind2=" ">
    <subfield code="a">FU Berlin: 820 </subfield>
    <subfield code="b">Signatur: Z 872-1965,2 (March/Apr.)</subfield>
    <subfield code="m">ISSBD</subfield>
  </datafield>
  <datafield tag="900" ind1=" " ind2=" ">
    <subfield code="a">FU Berlin: 820 </subfield>
    <subfield code="b">Signatur: Z 872-1965,3 (May/June)</subfield>
    <subfield code="m">ISSBD</subfield>
  </datafield>
  <datafield tag="900" ind1=" " ind2=" ">
    <subfield code="a">FU Berlin: 820 </subfield>
    <subfield code="b">Signatur: Z 872-1965,4 (July/Aug.)</subfield>
    <subfield code="m">ISSBD</subfield>
  </datafield>
  <datafield tag="900" ind1=" " ind2=" ">
    <subfield code="a">FU Berlin: 820 </subfield>
    <subfield code="b">Signatur: Z 872-1965,5 (Sept./Oct.)</subfield>
    <subfield code="m">ISSBD</subfield>
  </datafield>
  <datafield tag="900" ind1=" " ind2=" ">
    <subfield code="a">FU Berlin: 820 </subfield>
    <subfield code="b">Signatur: Z 872-1965,6 (Nov./Dec.)</subfield>
    <subfield code="m">ISSBD</subfield>
  </datafield>
  <datafield tag="900" ind1=" " ind2=" ">
    <subfield code="a">FU Berlin: 820 </subfield>
    <subfield code="b">Signatur: Z 872-1966,1 (Jan./Febr.)</subfield>
    <subfield code="m">ISSBD</subfield>
  </datafield>
  <datafield tag="900" ind1=" " ind2=" ">
    <subfield code="a">FU Berlin: 820 </subfield>
    <subfield code="b">Signatur: Z 872-1966,2 (March/Apr.)</subfield>
    <subfield code="m">ISSBD</subfield>
  </datafield>
  <datafield tag="900" ind1=" " ind2=" ">
    <subfield code="a">FU Berlin: 820 </subfield>
    <subfield code="b">Signatur: Z 872-1966,3 (May/June)</subfield>
    <subfield code="m">ISSBD</subfield>
  </datafield>
  <datafield tag="900" ind1=" " ind2=" ">
    <subfield code="a">FU Berlin: 820 </subfield>
    <subfield code="b">Signatur: Z 872-1966,4 (July/Aug.)</subfield>
    <subfield code="m">ISSBD</subfield>
  </datafield>
  <datafield tag="900" ind1=" " ind2=" ">
    <subfield code="a">FU Berlin: 820 </subfield>
    <subfield code="b">Signatur: Z 872-1966,5 (Sept./Oct.)</subfield>
    <subfield code="m">ISSBD</subfield>
  </datafield>
  <datafield tag="900" ind1=" " ind2=" ">
    <subfield code="a">FU Berlin: 820 </subfield>
    <subfield code="b">Signatur: Z 872-1966,6 (Nov./Dec.)</subfield>
    <subfield code="m">ISSBD</subfield>
  </datafield>
  <datafield tag="900" ind1=" " ind2=" ">
    <subfield code="a">FU Berlin: 820 </subfield>
    <subfield code="b">Signatur: Z 872-1967,1 (Jan./Febr.)</subfield>
    <subfield code="m">ISSBD</subfield>
  </datafield>
  <datafield tag="900" ind1=" " ind2=" ">
    <subfield code="a">FU Berlin: 820 </subfield>
    <subfield code="b">Signatur: Z 872-1967,2 (March/Apr.)</subfield>
    <subfield code="m">ISSBD</subfield>
  </datafield>
  <datafield tag="900" ind1=" " ind2=" ">
    <subfield code="a">FU Berlin: 820 </subfield>
    <subfield code="b">Signatur: Z 872-1967,3 (May/June)</subfield>
    <subfield code="m">ISSBD</subfield>
  </datafield>
  <datafield tag="900" ind1=" " ind2=" ">
    <subfield code="a">FU Berlin: 820 </subfield>
    <subfield code="b">Signatur: Z 872-1967,4 (July/Aug.)</subfield>
    <subfield code="m">ISSBD</subfield>
  </datafield>
  <datafield tag="900" ind1=" " ind2=" ">
    <subfield code="a">FU Berlin: 820 </subfield>
    <subfield code="b">Signatur: Z 872-1967,5 (Sept./Oct.)</subfield>
    <subfield code="m">ISSBD</subfield>
  </datafield>
  <datafield tag="900" ind1=" " ind2=" ">
    <subfield code="a">FU Berlin: 820 </subfield>
    <subfield code="b">Signatur: Z 872-1967,6 (Nov./Dec.)</subfield>
    <subfield code="m">ISSBD</subfield>
  </datafield>
  <datafield tag="900" ind1=" " ind2=" ">
    <subfield code="a">FU Berlin: 820 </subfield>
    <subfield code="b">Signatur: Z 872-1968,1 (Jan./March)</subfield>
    <subfield code="m">ISSBD</subfield>
  </datafield>
  <datafield tag="900" ind1=" " ind2=" ">
    <subfield code="a">FU Berlin: 820 </subfield>
    <subfield code="b">Signatur: Z 872-1968,2 (Apr./June)</subfield>
    <subfield code="m">ISSBD</subfield>
  </datafield>
  <datafield tag="900" ind1=" " ind2=" ">
    <subfield code="a">FU Berlin: 820 </subfield>
    <subfield code="b">Signatur: Z 872-1968,3 (July/Sept.)</subfield>
    <subfield code="m">ISSBD</subfield>
  </datafield>
  <datafield tag="900" ind1=" " ind2=" ">
    <subfield code="a">FU Berlin: 820 </subfield>
    <subfield code="b">Signatur: Z 872-1968,4 (Oct./Dec.)</subfield>
    <subfield code="m">ISSBD</subfield>
  </datafield>
  <datafield tag="900" ind1=" " ind2=" ">
    <subfield code="a">FU Berlin: 820 </subfield>
    <subfield code="b">Signatur: Z 872-1969,1 (Jan./March)</subfield>
    <subfield code="m">ISSBD</subfield>
  </datafield>
  <datafield tag="900" ind1=" " ind2=" ">
    <subfield code="a">FU Berlin: 820 </subfield>
    <subfield code="b">Signatur: Z 872-1969,2 (Apr./June)</subfield>
    <subfield code="m">ISSBD</subfield>
  </datafield>
  <datafield tag="900" ind1=" " ind2=" ">
    <subfield code="a">FU Berlin: 820 </subfield>
    <subfield code="b">Signatur: Z 872-1969,3 (July/Sept.)</subfield>
    <subfield code="m">ISSBD</subfield>
  </datafield>
  <datafield tag="900" ind1=" " ind2=" ">
    <subfield code="a">FU Berlin: 820 </subfield>
    <subfield code="b">Signatur: Z 872-1969,4 (Oct./Dec.)</subfield>
    <subfield code="m">ISSBD</subfield>
  </datafield>
  <datafield tag="900" ind1=" " ind2=" ">
    <subfield code="a">FU Berlin: 820 </subfield>
    <subfield code="b">Signatur: Z 872-1970,1 (Jan./March)</subfield>
    <subfield code="m">ISSBD</subfield>
  </datafield>
  <datafield tag="900" ind1=" " ind2=" ">
    <subfield code="a">FU Berlin: 820 </subfield>
    <subfield code="b">Signatur: Z 872-1970,2 (Apr./June)</subfield>
    <subfield code="m">ISSBD</subfield>
  </datafield>
  <datafield tag="900" ind1=" " ind2=" ">
    <subfield code="a">FU Berlin: 820 </subfield>
    <subfield code="b">Signatur: Z 872-1970,3 (July/Sept.)</subfield>
    <subfield code="m">ISSBD</subfield>
  </datafield>
  <datafield tag="900" ind1=" " ind2=" ">
    <subfield code="a">FU Berlin: 820 </subfield>
    <subfield code="b">Signatur: Z 872-1970,4 (Oct./Dec.)</subfield>
    <subfield code="m">ISSBD</subfield>
  </datafield>
  <datafield tag="900" ind1=" " ind2=" ">
    <subfield code="a">FU Berlin: 820 </subfield>
    <subfield code="b">Signatur: Z 872-1971,1 (Jan./March)</subfield>
    <subfield code="m">ISSBD</subfield>
  </datafield>
  <datafield tag="900" ind1=" " ind2=" ">
    <subfield code="a">FU Berlin: 820 </subfield>
    <subfield code="b">Signatur: Z 872-1971,2 (Apr./June)</subfield>
    <subfield code="m">ISSBD</subfield>
  </datafield>
  <datafield tag="900" ind1=" " ind2=" ">
    <subfield code="a">FU Berlin: 820 </subfield>
    <subfield code="b">Signatur: Z 872-1971,3 (July/Sept.)</subfield>
    <subfield code="m">ISSBD</subfield>
  </datafield>
  <datafield tag="900" ind1=" " ind2=" ">
    <subfield code="a">FU Berlin: 820 </subfield>
    <subfield code="b">Signatur: Z 872-1971,4 (Oct./Dec.)</subfield>
    <subfield code="m">ISSBD</subfield>
  </datafield>
  <datafield tag="900" ind1=" " ind2=" ">
    <subfield code="a">FU Berlin: 820 </subfield>
    <subfield code="b">Signatur: Z 872-1972,1 (Jan./March)</subfield>
    <subfield code="m">ISSBD</subfield>
  </datafield>
  <datafield tag="900" ind1=" " ind2=" ">
    <subfield code="a">FU Berlin: 820 </subfield>
    <subfield code="b">Signatur: Z 872-1972,2 (Apr./June)</subfield>
    <subfield code="m">ISSBD</subfield>
  </datafield>
  <datafield tag="900" ind1=" " ind2=" ">
    <subfield code="a">FU Berlin: 820 </subfield>
    <subfield code="b">Signatur: Z 872-1972,3 (July/Sept.)</subfield>
    <subfield code="m">ISSBD</subfield>
  </datafield>
  <datafield tag="900" ind1=" " ind2=" ">
    <subfield code="a">FU Berlin: 820 </subfield>
    <subfield code="b">Signatur: Z 872-1972,4 (Oct./Dec.)</subfield>
    <subfield code="m">ISSBD</subfield>
  </datafield>
  <datafield tag="900" ind1=" " ind2=" ">
    <subfield code="a">FU Berlin: 820 </subfield>
    <subfield code="b">Signatur: Z 872-1973,1 (Jan./March)</subfield>
    <subfield code="m">ISSBD</subfield>
  </datafield>
  <datafield tag="900" ind1=" " ind2=" ">
    <subfield code="a">FU Berlin: 820 </subfield>
    <subfield code="b">Signatur: Z 872-1973,2 (Apr./June)</subfield>
    <subfield code="m">ISSBD</subfield>
  </datafield>
  <datafield tag="900" ind1=" " ind2=" ">
    <subfield code="a">FU Berlin: 820 </subfield>
    <subfield code="b">Signatur: Z 872-1973,3 (July/Sept.)</subfield>
    <subfield code="m">ISSBD</subfield>
  </datafield>
  <datafield tag="900" ind1=" " ind2=" ">
    <subfield code="a">FU Berlin: 820 </subfield>
    <subfield code="b">Signatur: Z 872-1973,4 (Oct./Dec.)</subfield>
    <subfield code="m">ISSBD</subfield>
  </datafield>
  <datafield tag="900" ind1=" " ind2=" ">
    <subfield code="a">FU Berlin: 820 </subfield>
    <subfield code="b">Signatur: Z 872-1974,1 (Jan./March)</subfield>
    <subfield code="m">ISSBD</subfield>
  </datafield>
  <datafield tag="900" ind1=" " ind2=" ">
    <subfield code="a">FU Berlin: 820 </subfield>
    <subfield code="b">Signatur: Z 872-1974,2 (Apr./June)</subfield>
    <subfield code="m">ISSBD</subfield>
  </datafield>
  <datafield tag="900" ind1=" " ind2=" ">
    <subfield code="a">FU Berlin: 820 </subfield>
    <subfield code="b">Signatur: Z 872-1974,3 (July/Sept.)</subfield>
    <subfield code="m">ISSBD</subfield>
  </datafield>
  <datafield tag="900" ind1=" " ind2=" ">
    <subfield code="a">FU Berlin: 820 </subfield>
    <subfield code="b">Signatur: Z 872-1974,4 (Oct./Dec.)</subfield>
    <subfield code="m">ISSBD</subfield>
  </datafield>
  <datafield tag="900" ind1=" " ind2=" ">
    <subfield code="a">FU Berlin: 820 </subfield>
    <subfield code="b">Signatur: Z 872-1975,1 (Jan./March)</subfield>
    <subfield code="m">ISSBD</subfield>
  </datafield>
  <datafield tag="900" ind1=" " ind2=" ">
    <subfield code="a">FU Berlin: 820 </subfield>
    <subfield code="b">Signatur: Z 872-1975,2 (Apr./June)</subfield>
    <subfield code="m">ISSBD</subfield>
  </datafield>
  <datafield tag="900" ind1=" " ind2=" ">
    <subfield code="a">FU Berlin: 820 </subfield>
    <subfield code="b">Signatur: Z 872-1975,3 (July/Sept.)</subfield>
    <subfield code="m">ISSBD</subfield>
  </datafield>
  <datafield tag="900" ind1=" " ind2=" ">
    <subfield code="a">FU Berlin: 820 </subfield>
    <subfield code="b">Signatur: Z 872-1975,4 (Oct./Dec.)</subfield>
    <subfield code="m">ISSBD</subfield>
  </datafield>
  <datafield tag="900" ind1=" " ind2=" ">
    <subfield code="a">FU Berlin: 820 </subfield>
    <subfield code="b">Signatur: Z 872-1976,1 (Jan./March)</subfield>
    <subfield code="m">ISSBD</subfield>
  </datafield>
  <datafield tag="900" ind1=" " ind2=" ">
    <subfield code="a">FU Berlin: 820 </subfield>
    <subfield code="b">Signatur: Z 872-1976,2 (Apr./June)</subfield>
    <subfield code="m">ISSBD</subfield>
  </datafield>
  <datafield tag="900" ind1=" " ind2=" ">
    <subfield code="a">FU Berlin: 820 </subfield>
    <subfield code="b">Signatur: Z 872-1976,3 (July/Sept.)</subfield>
    <subfield code="m">ISSBD</subfield>
  </datafield>
  <datafield tag="900" ind1=" " ind2=" ">
    <subfield code="a">FU Berlin: 820 </subfield>
    <subfield code="b">Signatur: Z 872-1976,4 (Oct./Dec.)</subfield>
    <subfield code="m">ISSBD</subfield>
  </datafield>
  <datafield tag="900" ind1=" " ind2=" ">
    <subfield code="a">FU Berlin: 820 </subfield>
    <subfield code="b">Signatur: Z 872-1977,1 (Jan./March)</subfield>
    <subfield code="m">ISSBD</subfield>
  </datafield>
  <datafield tag="900" ind1=" " ind2=" ">
    <subfield code="a">FU Berlin: 820 </subfield>
    <subfield code="b">Signatur: Z 872-1977,2 (Apr./June)</subfield>
    <subfield code="m">ISSBD</subfield>
  </datafield>
  <datafield tag="900" ind1=" " ind2=" ">
    <subfield code="a">FU Berlin: 820 </subfield>
    <subfield code="b">Signatur: Z 872-1977,3 (July/Sept.)</subfield>
    <subfield code="m">ISSBD</subfield>
  </datafield>
  <datafield tag="900" ind1=" " ind2=" ">
    <subfield code="a">FU Berlin: 820 </subfield>
    <subfield code="b">Signatur: Z 872-1977,4 (Oct./Dec.)</subfield>
    <subfield code="m">ISSBD</subfield>
  </datafield>
  <datafield tag="900" ind1=" " ind2=" ">
    <subfield code="a">FU Berlin: 820 </subfield>
    <subfield code="b">Signatur: Z 872-1978,1 (Jan./March)</subfield>
    <subfield code="m">ISSBD</subfield>
  </datafield>
  <datafield tag="900" ind1=" " ind2=" ">
    <subfield code="a">FU Berlin: 820 </subfield>
    <subfield code="b">Signatur: Z 872-1978,2 (Apr./June)</subfield>
    <subfield code="m">ISSBD</subfield>
  </datafield>
  <datafield tag="900" ind1=" " ind2=" ">
    <subfield code="a">FU Berlin: 820 </subfield>
    <subfield code="b">Signatur: Z 872-1978,3 (July/Sept.)</subfield>
    <subfield code="m">ISSBD</subfield>
  </datafield>
  <datafield tag="900" ind1=" " ind2=" ">
    <subfield code="a">FU Berlin: 820 </subfield>
    <subfield code="b">Signatur: Z 872-1978,4 (Oct./Dec.)</subfield>
    <subfield code="m">ISSBD</subfield>
  </datafield>
  <datafield tag="900" ind1=" " ind2=" ">
    <subfield code="a">FU Berlin: 820 </subfield>
    <subfield code="b">Signatur: Z 872-1979,1 (Jan./March)</subfield>
    <subfield code="m">ISSBD</subfield>
  </datafield>
  <datafield tag="900" ind1=" " ind2=" ">
    <subfield code="a">FU Berlin: 820 </subfield>
    <subfield code="b">Signatur: Z 872-1979,2 (Apr./June)</subfield>
    <subfield code="m">ISSBD</subfield>
  </datafield>
  <datafield tag="900" ind1=" " ind2=" ">
    <subfield code="a">FU Berlin: 820 </subfield>
    <subfield code="b">Signatur: Z 872-1979,3 (July/Sept.)</subfield>
    <subfield code="m">ISSBD</subfield>
  </datafield>
  <datafield tag="900" ind1=" " ind2=" ">
    <subfield code="a">FU Berlin: 820 </subfield>
    <subfield code="b">Signatur: Z 872-1979,4 (Oct./Dec.)</subfield>
    <subfield code="m">ISSBD</subfield>
  </datafield>
  <datafield tag="900" ind1=" " ind2=" ">
    <subfield code="a">FU Berlin: 820 </subfield>
    <subfield code="b">Signatur: Z 872-1980,1 (Jan./March)</subfield>
    <subfield code="m">ISSBD</subfield>
  </datafield>
  <datafield tag="900" ind1=" " ind2=" ">
    <subfield code="a">FU Berlin: 820 </subfield>
    <subfield code="b">Signatur: Z 872-1980,2 (Apr./June)</subfield>
    <subfield code="m">ISSBD</subfield>
  </datafield>
  <datafield tag="900" ind1=" " ind2=" ">
    <subfield code="a">FU Berlin: 820 </subfield>
    <subfield code="b">Signatur: Z 872-1980,3 (July/Sept.)</subfield>
    <subfield code="m">ISSBD</subfield>
  </datafield>
  <datafield tag="900" ind1=" " ind2=" ">
    <subfield code="a">FU Berlin: 820 </subfield>
    <subfield code="b">Signatur: Z 872-1980,4 (Oct./Dec.)</subfield>
    <subfield code="m">ISSBD</subfield>
  </datafield>
  <datafield tag="900" ind1=" " ind2=" ">
    <subfield code="a">FU Berlin: 820 </subfield>
    <subfield code="b">Signatur: Z 872-1981,1 (Jan./March)</subfield>
    <subfield code="m">ISSBD</subfield>
  </datafield>
  <datafield tag="900" ind1=" " ind2=" ">
    <subfield code="a">FU Berlin: 820 </subfield>
    <subfield code="b">Signatur: Z 872-1981,2 (Apr./June)</subfield>
    <subfield code="m">ISSBD</subfield>
  </datafield>
  <datafield tag="900" ind1=" " ind2=" ">
    <subfield code="a">FU Berlin: 820 </subfield>
    <subfield code="b">Signatur: Z 872-1981,3 (July/Sept.)</subfield>
    <subfield code="m">ISSBD</subfield>
  </datafield>
  <datafield tag="900" ind1=" " ind2=" ">
    <subfield code="a">FU Berlin: 820 </subfield>
    <subfield code="b">Signatur: Z 872-1981,4 (Oct./Dec.)</subfield>
    <subfield code="m">ISSBD</subfield>
  </datafield>
  <datafield tag="900" ind1=" " ind2=" ">
    <subfield code="a">FU Berlin: 820 </subfield>
    <subfield code="b">Signatur: Z 872-1982,1 (Jan./March)</subfield>
    <subfield code="m">ISSBD</subfield>
  </datafield>
  <datafield tag="900" ind1=" " ind2=" ">
    <subfield code="a">FU Berlin: 820 </subfield>
    <subfield code="b">Signatur: Z 872-1982,2 (Apr./June)</subfield>
    <subfield code="m">ISSBD</subfield>
  </datafield>
  <datafield tag="900" ind1=" " ind2=" ">
    <subfield code="a">FU Berlin: 820 </subfield>
    <subfield code="b">Signatur: Z 872-1982,3 (July/Sept.)</subfield>
    <subfield code="m">ISSBD</subfield>
  </datafield>
  <datafield tag="900" ind1=" " ind2=" ">
    <subfield code="a">FU Berlin: 820 </subfield>
    <subfield code="b">Signatur: Z 872-1982,4 (Oct./Dec.)</subfield>
    <subfield code="m">ISSBD</subfield>
  </datafield>
  <datafield tag="900" ind1=" " ind2=" ">
    <subfield code="a">FU Berlin: 820 </subfield>
    <subfield code="b">Signatur: Z 872-1983,1 (Jan./March)</subfield>
    <subfield code="m">ISSBD</subfield>
  </datafield>
  <datafield tag="900" ind1=" " ind2=" ">
    <subfield code="a">FU Berlin: 820 </subfield>
    <subfield code="b">Signatur: Z 872-1983,2 (Apr./June)</subfield>
    <subfield code="m">ISSBD</subfield>
  </datafield>
  <datafield tag="900" ind1=" " ind2=" ">
    <subfield code="a">FU Berlin: 820 </subfield>
    <subfield code="b">Signatur: Z 872-1983,3 (July/Sept.)</subfield>
    <subfield code="m">ISSBD</subfield>
  </datafield>
  <datafield tag="900" ind1=" " ind2=" ">
    <subfield code="a">FU Berlin: 820 </subfield>
    <subfield code="b">Signatur: Z 872-1983,4 (Oct./Dec.)</subfield>
    <subfield code="m">ISSBD</subfield>
  </datafield>
  <datafield tag="900" ind1=" " ind2=" ">
    <subfield code="a">FU Berlin: 820 </subfield>
    <subfield code="b">Signatur: Z 872-1984,1 (Jan./March)</subfield>
    <subfield code="m">ISSBD</subfield>
  </datafield>
  <datafield tag="900" ind1=" " ind2=" ">
    <subfield code="a">FU Berlin: 820 </subfield>
    <subfield code="b">Signatur: Z 872-1984,2 (Apr./June)</subfield>
    <subfield code="m">ISSBD</subfield>
  </datafield>
  <datafield tag="900" ind1=" " ind2=" ">
    <subfield code="a">FU Berlin: 820 </subfield>
    <subfield code="b">Signatur: Z 872-1984,3 (July/Sept.)</subfield>
    <subfield code="m">ISSBD</subfield>
  </datafield>
  <datafield tag="900" ind1=" " ind2=" ">
    <subfield code="a">FU Berlin: 820 </subfield>
    <subfield code="b">Signatur: Z 872-1984,4 (Oct./Dec.)</subfield>
    <subfield code="m">ISSBD</subfield>
  </datafield>
  <datafield tag="900" ind1=" " ind2=" ">
    <subfield code="a">FU Berlin: 820 </subfield>
    <subfield code="b">Signatur: Z 872-1985,1 (Jan./March)</subfield>
    <subfield code="m">ISSBD</subfield>
  </datafield>
  <datafield tag="900" ind1=" " ind2=" ">
    <subfield code="a">FU Berlin: 820 </subfield>
    <subfield code="b">Signatur: Z 872-1985,2 (Apr./June)</subfield>
    <subfield code="m">ISSBD</subfield>
  </datafield>
  <datafield tag="900" ind1=" " ind2=" ">
    <subfield code="a">FU Berlin: 820 </subfield>
    <subfield code="b">Signatur: Z 872-1985,3 (July/Sept.)</subfield>
    <subfield code="m">ISSBD</subfield>
  </datafield>
  <datafield tag="900" ind1=" " ind2=" ">
    <subfield code="a">FU Berlin: 820 </subfield>
    <subfield code="b">Signatur: Z 872-1985,4 (Oct./Dec.)</subfield>
    <subfield code="m">ISSBD</subfield>
  </datafield>
  <datafield tag="900" ind1=" " ind2=" ">
    <subfield code="a">FU Berlin: 820 </subfield>
    <subfield code="b">Signatur: Z 872-1986,1 (Jan./March)</subfield>
    <subfield code="m">ISSBD</subfield>
  </datafield>
  <datafield tag="900" ind1=" " ind2=" ">
    <subfield code="a">FU Berlin: 820 </subfield>
    <subfield code="b">Signatur: Z 872-1986,2 (Apr./June)</subfield>
    <subfield code="m">ISSBD</subfield>
  </datafield>
  <datafield tag="900" ind1=" " ind2=" ">
    <subfield code="a">FU Berlin: 820 </subfield>
    <subfield code="b">Signatur: Z 872-1986,3 (July/Sept.)</subfield>
    <subfield code="m">ISSBD</subfield>
  </datafield>
  <datafield tag="900" ind1=" " ind2=" ">
    <subfield code="a">FU Berlin: 820 </subfield>
    <subfield code="b">Signatur: Z 872-1986,4 (Oct./Dec.)</subfield>
    <subfield code="m">ISSBD</subfield>
  </datafield>
  <datafield tag="900" ind1=" " ind2=" ">
    <subfield code="a">FU Berlin: 820 </subfield>
    <subfield code="b">Signatur: Z 872-1987,1 (Jan./March)</subfield>
    <subfield code="m">ISSBD</subfield>
  </datafield>
  <datafield tag="900" ind1=" " ind2=" ">
    <subfield code="a">FU Berlin: 820 </subfield>
    <subfield code="b">Signatur: Z 872-1987,2 (Apr./June)</subfield>
    <subfield code="m">ISSBD</subfield>
  </datafield>
  <datafield tag="900" ind1=" " ind2=" ">
    <subfield code="a">FU Berlin: 820 </subfield>
    <subfield code="b">Signatur: Z 872-1987,3 (July/Sept.)</subfield>
    <subfield code="m">ISSBD</subfield>
  </datafield>
  <datafield tag="900" ind1=" " ind2=" ">
    <subfield code="a">FU Berlin: 820 </subfield>
    <subfield code="b">Signatur: Z 872-1987,4 (Oct./Dec.)</subfield>
    <subfield code="m">ISSBD</subfield>
  </datafield>
  <datafield tag="900" ind1=" " ind2=" ">
    <subfield code="a">FU Berlin: 820 </subfield>
    <subfield code="b">Signatur: Z 872-1988,1 (Jan./March)</subfield>
    <subfield code="m">ISSBD</subfield>
  </datafield>
  <datafield tag="900" ind1=" " ind2=" ">
    <subfield code="a">FU Berlin: 820 </subfield>
    <subfield code="b">Signatur: Z 872-1988,2 (Apr./June)</subfield>
    <subfield code="m">ISSBD</subfield>
  </datafield>
  <datafield tag="900" ind1=" " ind2=" ">
    <subfield code="a">FU Berlin: 820 </subfield>
    <subfield code="b">Signatur: Z 872-1988,3 (July/Sept.)</subfield>
    <subfield code="m">ISSBD</subfield>
  </datafield>
  <datafield tag="900" ind1=" " ind2=" ">
    <subfield code="a">FU Berlin: 820 </subfield>
    <subfield code="b">Signatur: Z 872-1988,4 (Oct./Dec.)</subfield>
    <subfield code="m">ISSBD</subfield>
  </datafield>
  <datafield tag="900" ind1=" " ind2=" ">
    <subfield code="a">FU Berlin: 820 </subfield>
    <subfield code="b">Signatur: Z 872-1989,1 (Jan./March)</subfield>
    <subfield code="m">ISSBD</subfield>
  </datafield>
  <datafield tag="900" ind1=" " ind2=" ">
    <subfield code="a">FU Berlin: 820 </subfield>
    <subfield code="b">Signatur: Z 872-1989,2 (Apr./June)</subfield>
    <subfield code="m">ISSBD</subfield>
  </datafield>
  <datafield tag="900" ind1=" " ind2=" ">
    <subfield code="a">FU Berlin: 820 </subfield>
    <subfield code="b">Signatur: Z 872-1989,3 (July/Sept.)</subfield>
    <subfield code="m">ISSBD</subfield>
  </datafield>
  <datafield tag="900" ind1=" " ind2=" ">
    <subfield code="a">FU Berlin: 820 </subfield>
    <subfield code="b">Signatur: Z 872-1989,4 (Oct./Dec.)</subfield>
    <subfield code="m">ISSBD</subfield>
  </datafield>
  <datafield tag="900" ind1=" " ind2=" ">
    <subfield code="a">FU Berlin: 820 </subfield>
    <subfield code="b">Signatur: Z 872-1990,1 (Jan./March)</subfield>
    <subfield code="m">ISSBD</subfield>
  </datafield>
  <datafield tag="900" ind1=" " ind2=" ">
    <subfield code="a">FU Berlin: 820 </subfield>
    <subfield code="b">Signatur: Z 872-1990,2 (Apr./June)</subfield>
    <subfield code="m">ISSBD</subfield>
  </datafield>
  <datafield tag="900" ind1=" " ind2=" ">
    <subfield code="a">FU Berlin: 820 </subfield>
    <subfield code="b">Signatur: Z 872-1990,3 (July/Sept.)</subfield>
    <subfield code="m">ISSBD</subfield>
  </datafield>
  <datafield tag="900" ind1=" " ind2=" ">
    <subfield code="a">FU Berlin: 820 </subfield>
    <subfield code="b">Signatur: Z 872-1990,4 (Oct./Dec.)</subfield>
    <subfield code="m">ISSBD</subfield>
  </datafield>
  <datafield tag="900" ind1=" " ind2=" ">
    <subfield code="a">FU Berlin: 820 </subfield>
    <subfield code="b">Signatur: Z 872-1991,1 (Jan./March)</subfield>
    <subfield code="m">ISSBD</subfield>
  </datafield>
  <datafield tag="900" ind1=" " ind2=" ">
    <subfield code="a">FU Berlin: 820 </subfield>
    <subfield code="b">Signatur: Z 872-1991,2 (Apr./June)</subfield>
    <subfield code="m">ISSBD</subfield>
  </datafield>
  <datafield tag="900" ind1=" " ind2=" ">
    <subfield code="a">FU Berlin: 820 </subfield>
    <subfield code="b">Signatur: Z 872-1991,3 (July/Sept.)</subfield>
    <subfield code="m">ISSBD</subfield>
  </datafield>
  <datafield tag="900" ind1=" " ind2=" ">
    <subfield code="a">FU Berlin: 820 </subfield>
    <subfield code="b">Signatur: Z 872-1991,4 (Oct./Dec.)</subfield>
    <subfield code="m">ISSBD</subfield>
  </datafield>
  <datafield tag="900" ind1=" " ind2=" ">
    <subfield code="a">FU Berlin: 820 </subfield>
    <subfield code="b">Signatur: Z 872-1992,1 (Jan./March)</subfield>
    <subfield code="m">ISSBD</subfield>
  </datafield>
  <datafield tag="900" ind1=" " ind2=" ">
    <subfield code="a">FU Berlin: 820 </subfield>
    <subfield code="b">Signatur: Z 872-1992,2 (Apr./June)</subfield>
    <subfield code="m">ISSBD</subfield>
  </datafield>
  <datafield tag="900" ind1=" " ind2=" ">
    <subfield code="a">FU Berlin: 820 </subfield>
    <subfield code="b">Signatur: Z 872-1992,3 (July/Sept.)</subfield>
    <subfield code="m">ISSBD</subfield>
  </datafield>
  <datafield tag="900" ind1=" " ind2=" ">
    <subfield code="a">FU Berlin: 820 </subfield>
    <subfield code="b">Signatur: Z 872-1992,4 (Oct./Dec.)</subfield>
    <subfield code="m">ISSBD</subfield>
  </datafield>
  <datafield tag="900" ind1=" " ind2=" ">
    <subfield code="a">FU Berlin: 820 </subfield>
    <subfield code="b">Signatur: Z 872-1993,1 (Jan./March)</subfield>
    <subfield code="m">ISSBD</subfield>
  </datafield>
  <datafield tag="900" ind1=" " ind2=" ">
    <subfield code="a">FU Berlin: 820 </subfield>
    <subfield code="b">Signatur: Z 872-1993,2 (Apr./June)</subfield>
    <subfield code="m">ISSBD</subfield>
  </datafield>
  <datafield tag="900" ind1=" " ind2=" ">
    <subfield code="a">FU Berlin: 820 </subfield>
    <subfield code="b">Signatur: Z 872-1993,3 (July/Sept.)</subfield>
    <subfield code="m">ISSBD</subfield>
  </datafield>
  <datafield tag="900" ind1=" " ind2=" ">
    <subfield code="a">FU Berlin: 820 </subfield>
    <subfield code="b">Signatur: Z 872-1993,4 (Oct./Dec.)</subfield>
    <subfield code="m">ISSBD</subfield>
  </datafield>
  <datafield tag="900" ind1=" " ind2=" ">
    <subfield code="a">FU Berlin: 820 </subfield>
    <subfield code="b">Signatur: Z 872-1994,1 (Jan./March)</subfield>
    <subfield code="m">ISSBD</subfield>
  </datafield>
  <datafield tag="900" ind1=" " ind2=" ">
    <subfield code="a">FU Berlin: 820 </subfield>
    <subfield code="b">Signatur: Z 872-1994,2 (Apr./June)</subfield>
    <subfield code="m">ISSBD</subfield>
  </datafield>
  <datafield tag="900" ind1=" " ind2=" ">
    <subfield code="a">FU Berlin: 820 </subfield>
    <subfield code="b">Signatur: Z 872-1994,3 (July/Sept.)</subfield>
    <subfield code="m">ISSBD</subfield>
  </datafield>
  <datafield tag="900" ind1=" " ind2=" ">
    <subfield code="a">FU Berlin: 820 </subfield>
    <subfield code="b">Signatur: Z 872-1994,4 (Oct./Dec.)</subfield>
    <subfield code="m">ISSBD</subfield>
  </datafield>
  <datafield tag="900" ind1=" " ind2=" ">
    <subfield code="a">FU Berlin: 820 </subfield>
    <subfield code="b">Signatur: Z 872-1995,1 (Jan./March)</subfield>
    <subfield code="m">ISSBD</subfield>
  </datafield>
  <datafield tag="900" ind1=" " ind2=" ">
    <subfield code="a">FU Berlin: 820 </subfield>
    <subfield code="b">Signatur: Z 872-1995,2 (Apr./June)</subfield>
    <subfield code="m">ISSBD</subfield>
  </datafield>
  <datafield tag="900" ind1=" " ind2=" ">
    <subfield code="a">FU Berlin: 820 </subfield>
    <subfield code="b">Signatur: Z 872-1995,3 (July/Sept.)</subfield>
    <subfield code="m">ISSBD</subfield>
  </datafield>
  <datafield tag="900" ind1=" " ind2=" ">
    <subfield code="a">FU Berlin: 820 </subfield>
    <subfield code="b">Signatur: Z 872-1995,4 (Oct./Dec.)</subfield>
    <subfield code="m">ISSBD</subfield>
  </datafield>
  <datafield tag="900" ind1=" " ind2=" ">
    <subfield code="a">FU Berlin: 820 </subfield>
    <subfield code="b">Signatur: Z 872-1996,1 (Jan./March)</subfield>
    <subfield code="m">ISSBD</subfield>
  </datafield>
  <datafield tag="900" ind1=" " ind2=" ">
    <subfield code="a">FU Berlin: 820 </subfield>
    <subfield code="b">Signatur: Z 872-1996,2 (Apr./June)</subfield>
    <subfield code="m">ISSBD</subfield>
  </datafield>
  <datafield tag="900" ind1=" " ind2=" ">
    <subfield code="a">FU Berlin: 820 </subfield>
    <subfield code="b">Signatur: Z 872-1996,3 (July/Sept.)</subfield>
    <subfield code="m">ISSBD</subfield>
  </datafield>
  <datafield tag="900" ind1=" " ind2=" ">
    <subfield code="a">FU Berlin: 820 </subfield>
    <subfield code="b">Signatur: Z 872-1996,4 (Oct./Dec.)</subfield>
    <subfield code="m">ISSBD</subfield>
  </datafield>
  <datafield tag="900" ind1=" " ind2=" ">
    <subfield code="a">FU Berlin: 820 </subfield>
    <subfield code="b">Signatur: Z 872-1997,1 (Jan./March)</subfield>
    <subfield code="m">ISSBD</subfield>
  </datafield>
  <datafield tag="900" ind1=" " ind2=" ">
    <subfield code="a">FU Berlin: 820 </subfield>
    <subfield code="b">Signatur: Z 872-1997,2 (Apr./June)</subfield>
    <subfield code="m">ISSBD</subfield>
  </datafield>
  <datafield tag="900" ind1=" " ind2=" ">
    <subfield code="a">FU Berlin: 820 </subfield>
    <subfield code="b">Signatur: Z 872-1997,3 (July/Sept.)</subfield>
    <subfield code="m">ISSBD</subfield>
  </datafield>
  <datafield tag="900" ind1=" " ind2=" ">
    <subfield code="a">FU Berlin: 820 </subfield>
    <subfield code="b">Signatur: Z 872-1997,4 (Oct./Dec.)</subfield>
    <subfield code="m">ISSBD</subfield>
  </datafield>
  <datafield tag="900" ind1=" " ind2=" ">
    <subfield code="a">FU Berlin: 820 </subfield>
    <subfield code="b">Signatur: Z 872-1998,1 (Jan./March)</subfield>
    <subfield code="m">ISSBD</subfield>
  </datafield>
  <datafield tag="900" ind1=" " ind2=" ">
    <subfield code="a">FU Berlin: 820 </subfield>
    <subfield code="b">Signatur: Z 872-1998,2 (Apr./June)</subfield>
    <subfield code="m">ISSBD</subfield>
  </datafield>
  <datafield tag="900" ind1=" " ind2=" ">
    <subfield code="a">FU Berlin: 820 </subfield>
    <subfield code="b">Signatur: Z 872-1998,3 (July/Sept.)</subfield>
    <subfield code="m">ISSBD</subfield>
  </datafield>
  <datafield tag="900" ind1=" " ind2=" ">
    <subfield code="a">FU Berlin: 820 </subfield>
    <subfield code="b">Signatur: Z 872-1998,4 (Oct./Dec.)</subfield>
    <subfield code="m">ISSBD</subfield>
  </datafield>
  <datafield tag="900" ind1=" " ind2=" ">
    <subfield code="a">FU Berlin: 820 </subfield>
    <subfield code="b">Signatur: Z 872-1999,1 (Jan./Apr.)</subfield>
    <subfield code="m">ISSBD</subfield>
  </datafield>
  <datafield tag="900" ind1=" " ind2=" ">
    <subfield code="a">FU Berlin: 820 </subfield>
    <subfield code="b">Signatur: Z 872-1999,2 (May/Aug.)</subfield>
    <subfield code="m">ISSBD</subfield>
  </datafield>
  <datafield tag="900" ind1=" " ind2=" ">
    <subfield code="a">FU Berlin: 820 </subfield>
    <subfield code="b">Signatur: Z 872-1999,3 (Sept./Dec.)</subfield>
    <subfield code="m">ISSBD</subfield>
  </datafield>
  <datafield tag="900" ind1=" " ind2=" ">
    <subfield code="a">FU Berlin: 820 </subfield>
    <subfield code="b">Signatur: Z 872-2000,1 (Jan./Apr.)</subfield>
    <subfield code="m">ISSBD</subfield>
  </datafield>
  <datafield tag="900" ind1=" " ind2=" ">
    <subfield code="a">FU Berlin: 820 </subfield>
    <subfield code="b">Signatur: Z 872-2000,2 (May/July)</subfield>
    <subfield code="m">ISSBD</subfield>
  </datafield>
  <datafield tag="900" ind1=" " ind2=" ">
    <subfield code="a">FU Berlin: 820 </subfield>
    <subfield code="b">Signatur: Z 872-2000,3 (Aug./Oct.)</subfield>
    <subfield code="m">ISSBD</subfield>
  </datafield>
  <datafield tag="900" ind1=" " ind2=" ">
    <subfield code="a">FU Berlin: 820 </subfield>
    <subfield code="b">Signatur: Z 872-2000,4 (Nov./Dec.)</subfield>
    <subfield code="m">ISSBD</subfield>
  </datafield>
  <datafield tag="900" ind1=" " ind2=" ">
    <subfield code="a">FU Berlin: 820 </subfield>
    <subfield code="b">Signatur: Z 872-2001,1 (Jan/March)</subfield>
    <subfield code="m">ISSBD</subfield>
  </datafield>
  <datafield tag="900" ind1=" " ind2=" ">
    <subfield code="a">FU Berlin: 820 </subfield>
    <subfield code="b">Signatur: Z 872-2001,2 (Apr./June)</subfield>
    <subfield code="m">ISSBD</subfield>
  </datafield>
  <datafield tag="900" ind1=" " ind2=" ">
    <subfield code="a">FU Berlin: 820 </subfield>
    <subfield code="b">Signatur: Z 872-2001,3 (July/Sept.)</subfield>
    <subfield code="m">ISSBD</subfield>
  </datafield>
  <datafield tag="900" ind1=" " ind2=" ">
    <subfield code="a">FU Berlin: 820 </subfield>
    <subfield code="b">Signatur: Z 872-2001,4 (Oct./Dec.)</subfield>
    <subfield code="m">ISSBD</subfield>
  </datafield>
  <datafield tag="016" ind1="7" ind2=" ">
    <subfield code="a">240276-2</subfield>
    <subfield code="2">DE-600</subfield>
  </datafield>
  <datafield tag="041" ind1=" " ind2=" ">
    <subfield code="a">eng</subfield>
  </datafield>
  <datafield tag="362" ind1="1" ind2=" ">
    <subfield code="a">Nr. 1.1929 - 2669.1980; 1=2670.1980 - 1275=3946.2006(9/16.Jan.)</subfield>
  </datafield>
  <datafield tag="247" ind1="0" ind2="0">
    <subfield code="a">162815-x            Vorg. ---&gt;:&lt;&lt;The&gt;&gt; Magazine of business</subfield>
  </datafield>
  <datafield tag="247" ind1="0" ind2="0">
    <subfield code="a">BV004460411         Darin aufgeg. ---&gt;:Annalist</subfield>
  </datafield>
  <datafield tag="785" ind1="0" ind2="0">
    <subfield code="t">BV021622628         Forts. ---&gt;:Business week / Global edition</subfield>
  </datafield>
  <datafield tag="500" ind1=" " ind2=" ">
    <subfield code="a">(a/Z) 77!465!(28-03-06) (Abl.)</subfield>
  </datafield>
  <datafield tag="084" ind1=" " ind2=" ">
    <subfield code="a">300ZDB</subfield>
  </datafield>
  <datafield tag="084" ind1=" " ind2=" ">
    <subfield code="a">330ZDB</subfield>
  </datafield>
  <datafield tag="084" ind1=" " ind2=" ">
    <subfield code="a">070ZDB</subfield>
  </datafield>
  <datafield tag="084" ind1=" " ind2=" ">
    <subfield code="a">QA 10000</subfield>
  </datafield>
  <datafield tag="084" ind1=" " ind2=" ">
    <subfield code="a">|QA 10000</subfield>
  </datafield>
</record>