

pos=734 schema=info:srw/schema/1/marcxml-v1.1
<record xmlns="http://www.loc.gov/MARC21/slim">
  <leader>01533nas a2200325 u 4500</leader>
  <controlfield tag="001">BV011740483</controlfield>
  <controlfield tag="005">00000000000000.0</controlfield>
  <controlfield tag="007">zz|||||||||||||||||||||</controlfield>
  <datafield tag="245" ind1="0" ind2="0">
    <subfield code="a">&lt;&lt;The&gt;&gt; independent reflector, or weekly essays on sundry important subjects</subfield>
  </datafield>
  <datafield tag="246" ind1=" " ind2=" ">
    <subfield code="a">Hauptsacht. teils: The independent reflector</subfield>
  </datafield>
  <datafield tag="250" ind1=" " ind2=" ">
    <subfield code="b">Neuausg.: Cambridge, Mass. : Belknap Pr. of Harvard Univ. Pr. ; Mikrofilm: Ann Arbor, Mich. : Univ. Microfilms</subfield>
  </datafield>
  <datafield tag="260" ind1=" " ind2=" ">
    <subfield code="a">New York, NY</subfield>
    <subfield code="c">1752, 1753</subfield>
  </datafield>
  <datafield tag="533" ind1=" " ind2=" ">
    <subfield code="n">(reproduction note)</subfield>
  </datafield>
  <datafield tag="580" ind1=" " ind2=" ">
    <subfield code="a">BV024626687         Online-Ausg. ---&gt;:&lt;&lt;The&gt;&gt; independent reflector, or weekly essays on sundry important subjects</subfield>
  </datafield>
  <datafield tag="580" ind1=" " ind2=" ">
    <subfield code="a">BV036824384         Beil. ---&gt;:&lt;&lt;The&gt;&gt; occasional reverberator</subfield>
  </datafield>
  <datafield tag="740" ind1="0" ind2="2">
    <subfield code="a">&lt;&lt;The&gt;&gt; independent reflector</subfield>
  </datafield>
  <datafield tag="740" ind1="0" ind2=" ">
    <subfield code="a">&lt;&lt;The&gt;&gt; independent reflector</subfield>
  </datafield>
  <datafield tag="740" ind1="0" ind2="2">
    <subfield code="a">Weekly essays on sundry important subjects  more particulary adapted to the Province of New York</subfield>
  </datafield>
  <datafield tag="740" ind1="0" ind2=" ">
    <subfield code="a">Weekly essays on sundry important subjects  more particulary adapted to the Province of New York</subfield>
  </datafield>
  <datafield tag="740" ind1="0" ind2="2">
    <subfield code="a">&lt;&lt;The&gt;&gt; independent reflector</subfield>
  </datafield>
  <datafield tag="740" ind1="0" ind2=" ">
    <subfield code="a">&lt;&lt;The&gt;&gt; independent reflector</subfield>
  </datafield>
  <datafield tag="740" ind1="0" ind2="2">
    <subfield code="a">American periodicals series 18th century</subfield>
  </datafield>
  <datafield tag="740" ind1="0" ind2=" ">
    <subfield code="a">American periodicals series 18th century</subfield>
  </datafield>
  <datafield tag="900" ind1=" " ind2=" ">
    <subfield code="a">FU Berlin: 144 </subfield>
    <subfield code="b">Signatur: M 798, Reel 221</subfield>
    <subfield code="m">ISSBD</subfield>
  </datafield>
  <datafield tag="016" ind1="7" ind2=" ">
    <subfield code="a">339672-1</subfield>
    <subfield code="2">DE-600</subfield>
  </datafield>
  <datafield tag="041" ind1=" " ind2=" ">
    <subfield code="a">eng</subfield>
  </datafield>
  <datafield tag="362" ind1="1" ind2=" ">
    <subfield code="a">1.1752 - 52.1753; damit Ersch. eingest.</subfield>
  </datafield>
  <datafield tag="490" ind1="0" ind2=" ">
    <subfield code="a">American periodicals series 18th century</subfield>
  </datafield>
  <datafield tag="773" ind1="0" ind2=" ">
    <subfield code="n">Mikrofilm: American periodicals series 18th century</subfield>
  </datafield>
  <datafield tag="084" ind1=" " ind2=" ">
    <subfield code="a">820ZDB</subfield>
  </datafield>
</record>