

pos=750 schema=info:srw/schema/1/marcxml-v1.1
<record xmlns="http://www.loc.gov/MARC21/slim">
  <leader>07094nas a2201333 u 4500</leader>
  <controlfield tag="001">BV002529533</controlfield>
  <controlfield tag="005">00000000000000.0</controlfield>
  <controlfield tag="007">hu|||||||||||||||||||||</controlfield>
  <controlfield tag="008">                  w          |||        </controlfield>
  <datafield tag="245" ind1="0" ind2="0">
    <subfield code="a">Time: the weekly newsmagazine</subfield>
  </datafield>
  <datafield tag="245" ind1=" " ind2=" ">
    <subfield code="p">Atlantic edition</subfield>
  </datafield>
  <datafield tag="246" ind1=" " ind2="3">
    <subfield code="a">Time / Atlantic edition</subfield>
  </datafield>
  <datafield tag="260" ind1=" " ind2=" ">
    <subfield code="a">Amsterdam</subfield>
    <subfield code="b">Time Inc.</subfield>
    <subfield code="c">1950, 1988</subfield>
  </datafield>
  <datafield tag="260" ind1=" " ind2=" ">
    <subfield code="a">Chicago, Ill.</subfield>
  </datafield>
  <datafield tag="310" ind1=" " ind2=" ">
    <subfield code="a">Ab 117/18.1981 jh̃rl. durchgehende u. synchrone halbjh̃rl. Heftzh̃lung; Jg.-Zh̃lung von New Yorker Ausg. bernommen; Periodizitt̃: wc̲hentl.</subfield>
  </datafield>
  <datafield tag="533" ind1=" " ind2=" ">
    <subfield code="n">(reproduction note)</subfield>
  </datafield>
  <datafield tag="580" ind1=" " ind2=" ">
    <subfield code="a">BV002529726         Nat. Ausg. ---&gt;:Time</subfield>
  </datafield>
  <datafield tag="580" ind1=" " ind2=" ">
    <subfield code="a">BV036555761         Online-Ausg. ---&gt;:Time Atlantic</subfield>
  </datafield>
  <datafield tag="740" ind1="0" ind2="2">
    <subfield code="a">&lt;&lt;The&gt;&gt; weekly newsmagazine</subfield>
  </datafield>
  <datafield tag="740" ind1="0" ind2=" ">
    <subfield code="a">&lt;&lt;The&gt;&gt; weekly newsmagazine</subfield>
  </datafield>
  <datafield tag="740" ind1="0" ind2="2">
    <subfield code="a">Atlantic edition</subfield>
  </datafield>
  <datafield tag="740" ind1="0" ind2=" ">
    <subfield code="a">Atlantic edition</subfield>
  </datafield>
  <datafield tag="900" ind1=" " ind2=" ">
    <subfield code="a">FU Berlin: 144 </subfield>
    <subfield code="b">Signatur: Bitte Standort an der Theke erfragen</subfield>
    <subfield code="m">ISSBD</subfield>
  </datafield>
  <datafield tag="900" ind1=" " ind2=" ">
    <subfield code="a">FU Berlin: 211 </subfield>
    <subfield code="b">Signatur: Zs 915-100.1972,1/13</subfield>
    <subfield code="m">ISSBD</subfield>
  </datafield>
  <datafield tag="900" ind1=" " ind2=" ">
    <subfield code="a">FU Berlin: 211 </subfield>
    <subfield code="b">Signatur: Zs 915-100.1972,14/26</subfield>
    <subfield code="m">ISSBD</subfield>
  </datafield>
  <datafield tag="900" ind1=" " ind2=" ">
    <subfield code="a">FU Berlin: 211 </subfield>
    <subfield code="b">Signatur: Zs 915-116.1980,14/26</subfield>
    <subfield code="m">ISSBD</subfield>
  </datafield>
  <datafield tag="900" ind1=" " ind2=" ">
    <subfield code="a">FU Berlin: 211 </subfield>
    <subfield code="b">Signatur: Zs 915-117.1981,1/13</subfield>
    <subfield code="m">ISSBD</subfield>
  </datafield>
  <datafield tag="900" ind1=" " ind2=" ">
    <subfield code="a">FU Berlin: 211 </subfield>
    <subfield code="b">Signatur: Zs 915-117.1981,14/26</subfield>
    <subfield code="m">ISSBD</subfield>
  </datafield>
  <datafield tag="900" ind1=" " ind2=" ">
    <subfield code="a">FU Berlin: 211 </subfield>
    <subfield code="b">Signatur: Zs 915-118.1981,1/13=27/39</subfield>
    <subfield code="m">ISSBD</subfield>
  </datafield>
  <datafield tag="900" ind1=" " ind2=" ">
    <subfield code="a">FU Berlin: 211 </subfield>
    <subfield code="b">Signatur: Zs 915-118.1981,14/26=40/52</subfield>
    <subfield code="m">ISSBD</subfield>
  </datafield>
  <datafield tag="900" ind1=" " ind2=" ">
    <subfield code="a">FU Berlin: 211 </subfield>
    <subfield code="b">Signatur: Zs 915-119.1982,1/13</subfield>
    <subfield code="m">ISSBD</subfield>
  </datafield>
  <datafield tag="900" ind1=" " ind2=" ">
    <subfield code="a">FU Berlin: 211 </subfield>
    <subfield code="b">Signatur: Zs 915-119.1982,14/26</subfield>
    <subfield code="m">ISSBD</subfield>
  </datafield>
  <datafield tag="900" ind1=" " ind2=" ">
    <subfield code="a">FU Berlin: 211 </subfield>
    <subfield code="b">Signatur: Zs 915-120.1982,1/13=27/39</subfield>
    <subfield code="m">ISSBD</subfield>
  </datafield>
  <datafield tag="900" ind1=" " ind2=" ">
    <subfield code="a">FU Berlin: 211 </subfield>
    <subfield code="b">Signatur: Zs 915-120.1982,14/26=40/52</subfield>
    <subfield code="m">ISSBD</subfield>
  </datafield>
  <datafield tag="900" ind1=" " ind2=" ">
    <subfield code="a">FU Berlin: 211 </subfield>
    <subfield code="b">Signatur: Zs 915-121.1983,1/13</subfield>
    <subfield code="m">ISSBD</subfield>
  </datafield>
  <datafield tag="900" ind1=" " ind2=" ">
    <subfield code="a">FU Berlin: 211 </subfield>
    <subfield code="b">Signatur: Zs 915-121.1983,14/26</subfield>
    <subfield code="m">ISSBD</subfield>
  </datafield>
  <datafield tag="900" ind1=" " ind2=" ">
    <subfield code="a">FU Berlin: 211 </subfield>
    <subfield code="b">Signatur: Zs 915-122.1983,1/13=27/39</subfield>
    <subfield code="m">ISSBD</subfield>
  </datafield>
  <datafield tag="900" ind1=" " ind2=" ">
    <subfield code="a">FU Berlin: 211 </subfield>
    <subfield code="b">Signatur: Zs 915-122.1983,14/26=40/52 [+Spec. issue]</subfield>
    <subfield code="m">ISSBD</subfield>
  </datafield>
  <datafield tag="900" ind1=" " ind2=" ">
    <subfield code="a">FU Berlin: 211 </subfield>
    <subfield code="b">Signatur: Zs 915-123.1984,1/13</subfield>
    <subfield code="m">ISSBD</subfield>
  </datafield>
  <datafield tag="900" ind1=" " ind2=" ">
    <subfield code="a">FU Berlin: 211 </subfield>
    <subfield code="b">Signatur: Zs 915-123.1984,14/26</subfield>
    <subfield code="m">ISSBD</subfield>
  </datafield>
  <datafield tag="900" ind1=" " ind2=" ">
    <subfield code="a">FU Berlin: 211 </subfield>
    <subfield code="b">Signatur: Zs 915-124.1984,1/13=27/39</subfield>
    <subfield code="m">ISSBD</subfield>
  </datafield>
  <datafield tag="900" ind1=" " ind2=" ">
    <subfield code="a">FU Berlin: 211 </subfield>
    <subfield code="b">Signatur: Zs 915-124.1984,14/26=40/52</subfield>
    <subfield code="m">ISSBD</subfield>
  </datafield>
  <datafield tag="900" ind1=" " ind2=" ">
    <subfield code="a">FU Berlin: 211 </subfield>
    <subfield code="b">Signatur: Zs 915-125.1985,1/12</subfield>
    <subfield code="m">ISSBD</subfield>
  </datafield>
  <datafield tag="900" ind1=" " ind2=" ">
    <subfield code="a">FU Berlin: 211 </subfield>
    <subfield code="b">Signatur: Zs 915-125.1985,13/26</subfield>
    <subfield code="m">ISSBD</subfield>
  </datafield>
  <datafield tag="900" ind1=" " ind2=" ">
    <subfield code="a">FU Berlin: 211 </subfield>
    <subfield code="b">Signatur: Zs 915-126.1985,1/13=27/39 [Spec. issue=1]</subfield>
    <subfield code="m">ISSBD</subfield>
  </datafield>
  <datafield tag="900" ind1=" " ind2=" ">
    <subfield code="a">FU Berlin: 211 </subfield>
    <subfield code="b">Signatur: Zs 915-126.1985,14/26=40/52</subfield>
    <subfield code="m">ISSBD</subfield>
  </datafield>
  <datafield tag="900" ind1=" " ind2=" ">
    <subfield code="a">FU Berlin: 211 </subfield>
    <subfield code="b">Signatur: Zs 915-127.1986,1/13</subfield>
    <subfield code="m">ISSBD</subfield>
  </datafield>
  <datafield tag="900" ind1=" " ind2=" ">
    <subfield code="a">FU Berlin: 211 </subfield>
    <subfield code="b">Signatur: Zs 915-127.1986,14/26</subfield>
    <subfield code="m">ISSBD</subfield>
  </datafield>
  <datafield tag="900" ind1=" " ind2=" ">
    <subfield code="a">FU Berlin: 211 </subfield>
    <subfield code="b">Signatur: Zs 915-128.1986,1/13=27/39</subfield>
    <subfield code="m">ISSBD</subfield>
  </datafield>
  <datafield tag="900" ind1=" " ind2=" ">
    <subfield code="a">FU Berlin: 211 </subfield>
    <subfield code="b">Signatur: Zs 915-128.1986,14/26=40/52</subfield>
    <subfield code="m">ISSBD</subfield>
  </datafield>
  <datafield tag="900" ind1=" " ind2=" ">
    <subfield code="a">FU Berlin: 211 </subfield>
    <subfield code="b">Signatur: Zs 915-129.1987,1/13</subfield>
    <subfield code="m">ISSBD</subfield>
  </datafield>
  <datafield tag="900" ind1=" " ind2=" ">
    <subfield code="a">FU Berlin: 211 </subfield>
    <subfield code="b">Signatur: Zs 915-129.1987,14/26</subfield>
    <subfield code="m">ISSBD</subfield>
  </datafield>
  <datafield tag="900" ind1=" " ind2=" ">
    <subfield code="a">FU Berlin: 211 </subfield>
    <subfield code="b">Signatur: Zs 915-130.1987,1/13=27/39 [Spec. issue=1]</subfield>
    <subfield code="m">ISSBD</subfield>
  </datafield>
  <datafield tag="900" ind1=" " ind2=" ">
    <subfield code="a">FU Berlin: 211 </subfield>
    <subfield code="b">Signatur: Zs 915-130.1987,14/26=40/52</subfield>
    <subfield code="m">ISSBD</subfield>
  </datafield>
  <datafield tag="900" ind1=" " ind2=" ">
    <subfield code="a">FU Berlin: 211 </subfield>
    <subfield code="b">Signatur: Zs 915-131.1988,1/13</subfield>
    <subfield code="m">ISSBD</subfield>
  </datafield>
  <datafield tag="900" ind1=" " ind2=" ">
    <subfield code="a">FU Berlin: 211 </subfield>
    <subfield code="b">Signatur: Zs 915-131.1988,14/26</subfield>
    <subfield code="m">ISSBD</subfield>
  </datafield>
  <datafield tag="900" ind1=" " ind2=" ">
    <subfield code="a">FU Berlin: 211 </subfield>
    <subfield code="b">Signatur: Zs 915-132.1988,1/13=27/39</subfield>
    <subfield code="m">ISSBD</subfield>
  </datafield>
  <datafield tag="900" ind1=" " ind2=" ">
    <subfield code="a">FU Berlin: 211 </subfield>
    <subfield code="b">Signatur: Zs 915-61.1953,1/13</subfield>
    <subfield code="m">ISSBD</subfield>
  </datafield>
  <datafield tag="900" ind1=" " ind2=" ">
    <subfield code="a">FU Berlin: 211 </subfield>
    <subfield code="b">Signatur: Zs 915-61.1953,14/26</subfield>
    <subfield code="m">ISSBD</subfield>
  </datafield>
  <datafield tag="900" ind1=" " ind2=" ">
    <subfield code="a">FU Berlin: 211 </subfield>
    <subfield code="b">Signatur: Zs 915-62.1953,1/13</subfield>
    <subfield code="m">ISSBD</subfield>
  </datafield>
  <datafield tag="900" ind1=" " ind2=" ">
    <subfield code="a">FU Berlin: 211 </subfield>
    <subfield code="b">Signatur: Zs 915-62.1953,14/26</subfield>
    <subfield code="m">ISSBD</subfield>
  </datafield>
  <datafield tag="900" ind1=" " ind2=" ">
    <subfield code="a">FU Berlin: 211 </subfield>
    <subfield code="b">Signatur: Zs 915-63.1954,1/13</subfield>
    <subfield code="m">ISSBD</subfield>
  </datafield>
  <datafield tag="900" ind1=" " ind2=" ">
    <subfield code="a">FU Berlin: 211 </subfield>
    <subfield code="b">Signatur: Zs 915-63.1954,14/26</subfield>
    <subfield code="m">ISSBD</subfield>
  </datafield>
  <datafield tag="900" ind1=" " ind2=" ">
    <subfield code="a">FU Berlin: 211 </subfield>
    <subfield code="b">Signatur: Zs 915-64.1954,1/13</subfield>
    <subfield code="m">ISSBD</subfield>
  </datafield>
  <datafield tag="900" ind1=" " ind2=" ">
    <subfield code="a">FU Berlin: 211 </subfield>
    <subfield code="b">Signatur: Zs 915-64.1954,14/26</subfield>
    <subfield code="m">ISSBD</subfield>
  </datafield>
  <datafield tag="900" ind1=" " ind2=" ">
    <subfield code="a">FU Berlin: 211 </subfield>
    <subfield code="b">Signatur: Zs 915-66.1955,1/13</subfield>
    <subfield code="m">ISSBD</subfield>
  </datafield>
  <datafield tag="900" ind1=" " ind2=" ">
    <subfield code="a">FU Berlin: 211 </subfield>
    <subfield code="b">Signatur: Zs 915-66.1955,14/26</subfield>
    <subfield code="m">ISSBD</subfield>
  </datafield>
  <datafield tag="900" ind1=" " ind2=" ">
    <subfield code="a">FU Berlin: 211 </subfield>
    <subfield code="b">Signatur: Zs 915-67.1956,1/13</subfield>
    <subfield code="m">ISSBD</subfield>
  </datafield>
  <datafield tag="900" ind1=" " ind2=" ">
    <subfield code="a">FU Berlin: 211 </subfield>
    <subfield code="b">Signatur: Zs 915-67.1956,14/26</subfield>
    <subfield code="m">ISSBD</subfield>
  </datafield>
  <datafield tag="900" ind1=" " ind2=" ">
    <subfield code="a">FU Berlin: 211 </subfield>
    <subfield code="b">Signatur: Zs 915-69.1957,1/12</subfield>
    <subfield code="m">ISSBD</subfield>
  </datafield>
  <datafield tag="900" ind1=" " ind2=" ">
    <subfield code="a">FU Berlin: 211 </subfield>
    <subfield code="b">Signatur: Zs 915-69.1957,13/25</subfield>
    <subfield code="m">ISSBD</subfield>
  </datafield>
  <datafield tag="900" ind1=" " ind2=" ">
    <subfield code="a">FU Berlin: 211 </subfield>
    <subfield code="b">Signatur: Zs 915-70.1957,15/27</subfield>
    <subfield code="m">ISSBD</subfield>
  </datafield>
  <datafield tag="900" ind1=" " ind2=" ">
    <subfield code="a">FU Berlin: 211 </subfield>
    <subfield code="b">Signatur: Zs 915-70.1957,2/14</subfield>
    <subfield code="m">ISSBD</subfield>
  </datafield>
  <datafield tag="900" ind1=" " ind2=" ">
    <subfield code="a">FU Berlin: 211 </subfield>
    <subfield code="b">Signatur: Zs 915-71.1958,1/13</subfield>
    <subfield code="m">ISSBD</subfield>
  </datafield>
  <datafield tag="900" ind1=" " ind2=" ">
    <subfield code="a">FU Berlin: 211 </subfield>
    <subfield code="b">Signatur: Zs 915-71.1958,14/26</subfield>
    <subfield code="m">ISSBD</subfield>
  </datafield>
  <datafield tag="900" ind1=" " ind2=" ">
    <subfield code="a">FU Berlin: 211 </subfield>
    <subfield code="b">Signatur: Zs 915-72.1958,1/13</subfield>
    <subfield code="m">ISSBD</subfield>
  </datafield>
  <datafield tag="900" ind1=" " ind2=" ">
    <subfield code="a">FU Berlin: 211 </subfield>
    <subfield code="b">Signatur: Zs 915-72.1958,14/26</subfield>
    <subfield code="m">ISSBD</subfield>
  </datafield>
  <datafield tag="900" ind1=" " ind2=" ">
    <subfield code="a">FU Berlin: 211 </subfield>
    <subfield code="b">Signatur: Zs 915-73.1959,1/13</subfield>
    <subfield code="m">ISSBD</subfield>
  </datafield>
  <datafield tag="900" ind1=" " ind2=" ">
    <subfield code="a">FU Berlin: 211 </subfield>
    <subfield code="b">Signatur: Zs 915-73.1959,14/26</subfield>
    <subfield code="m">ISSBD</subfield>
  </datafield>
  <datafield tag="900" ind1=" " ind2=" ">
    <subfield code="a">FU Berlin: 211 </subfield>
    <subfield code="b">Signatur: Zs 915-74.1959,1/26</subfield>
    <subfield code="m">ISSBD</subfield>
  </datafield>
  <datafield tag="900" ind1=" " ind2=" ">
    <subfield code="a">FU Berlin: 211 </subfield>
    <subfield code="b">Signatur: Zs 915-85.1965,1/26</subfield>
    <subfield code="m">ISSBD</subfield>
  </datafield>
  <datafield tag="900" ind1=" " ind2=" ">
    <subfield code="a">FU Berlin: 211 </subfield>
    <subfield code="b">Signatur: Zs 915-86.1965,1/27</subfield>
    <subfield code="m">ISSBD</subfield>
  </datafield>
  <datafield tag="900" ind1=" " ind2=" ">
    <subfield code="a">FU Berlin: 211 </subfield>
    <subfield code="b">Signatur: Zs 915-87.1966,1/25</subfield>
    <subfield code="m">ISSBD</subfield>
  </datafield>
  <datafield tag="900" ind1=" " ind2=" ">
    <subfield code="a">FU Berlin: 211 </subfield>
    <subfield code="b">Signatur: Zs 915-88.1966,1/27</subfield>
    <subfield code="m">ISSBD</subfield>
  </datafield>
  <datafield tag="900" ind1=" " ind2=" ">
    <subfield code="a">FU Berlin: 211 </subfield>
    <subfield code="b">Signatur: Zs 915-89.1967,1/26</subfield>
    <subfield code="m">ISSBD</subfield>
  </datafield>
  <datafield tag="900" ind1=" " ind2=" ">
    <subfield code="a">FU Berlin: 211 </subfield>
    <subfield code="b">Signatur: Zs 915-90.1967,1/26</subfield>
    <subfield code="m">ISSBD</subfield>
  </datafield>
  <datafield tag="900" ind1=" " ind2=" ">
    <subfield code="a">FU Berlin: 211 </subfield>
    <subfield code="b">Signatur: Zs 915-91.1968,1/26</subfield>
    <subfield code="m">ISSBD</subfield>
  </datafield>
  <datafield tag="900" ind1=" " ind2=" ">
    <subfield code="a">FU Berlin: 211 </subfield>
    <subfield code="b">Signatur: Zs 915-92.1968,1/26</subfield>
    <subfield code="m">ISSBD</subfield>
  </datafield>
  <datafield tag="900" ind1=" " ind2=" ">
    <subfield code="a">FU Berlin: 211 </subfield>
    <subfield code="b">Signatur: Zs 915-93.1969,1/26</subfield>
    <subfield code="m">ISSBD</subfield>
  </datafield>
  <datafield tag="900" ind1=" " ind2=" ">
    <subfield code="a">FU Berlin: 211 </subfield>
    <subfield code="b">Signatur: Zs 915-94.1969,1/26</subfield>
    <subfield code="m">ISSBD</subfield>
  </datafield>
  <datafield tag="900" ind1=" " ind2=" ">
    <subfield code="a">FU Berlin: 211 </subfield>
    <subfield code="b">Signatur: Zs 915-95.1970,1/26</subfield>
    <subfield code="m">ISSBD</subfield>
  </datafield>
  <datafield tag="900" ind1=" " ind2=" ">
    <subfield code="a">FU Berlin: 211 </subfield>
    <subfield code="b">Signatur: Zs 915-96.1970,1/13</subfield>
    <subfield code="m">ISSBD</subfield>
  </datafield>
  <datafield tag="900" ind1=" " ind2=" ">
    <subfield code="a">FU Berlin: 211 </subfield>
    <subfield code="b">Signatur: Zs 915-96.1970,14/26</subfield>
    <subfield code="m">ISSBD</subfield>
  </datafield>
  <datafield tag="900" ind1=" " ind2=" ">
    <subfield code="a">FU Berlin: 211 </subfield>
    <subfield code="b">Signatur: Zs 915-97.1971,1/13</subfield>
    <subfield code="m">ISSBD</subfield>
  </datafield>
  <datafield tag="900" ind1=" " ind2=" ">
    <subfield code="a">FU Berlin: 211 </subfield>
    <subfield code="b">Signatur: Zs 915-97.1971,14/26</subfield>
    <subfield code="m">ISSBD</subfield>
  </datafield>
  <datafield tag="900" ind1=" " ind2=" ">
    <subfield code="a">FU Berlin: 211 </subfield>
    <subfield code="b">Signatur: Zs 915-98.1971,1/13</subfield>
    <subfield code="m">ISSBD</subfield>
  </datafield>
  <datafield tag="900" ind1=" " ind2=" ">
    <subfield code="a">FU Berlin: 211 </subfield>
    <subfield code="b">Signatur: Zs 915-98.1971,14/26</subfield>
    <subfield code="m">ISSBD</subfield>
  </datafield>
  <datafield tag="900" ind1=" " ind2=" ">
    <subfield code="a">FU Berlin: 211 </subfield>
    <subfield code="b">Signatur: Zs 915-99.1972,1/13</subfield>
    <subfield code="m">ISSBD</subfield>
  </datafield>
  <datafield tag="900" ind1=" " ind2=" ">
    <subfield code="a">FU Berlin: 211 </subfield>
    <subfield code="b">Signatur: Zs 915-99.1972,14/26</subfield>
    <subfield code="m">ISSBD</subfield>
  </datafield>
  <datafield tag="016" ind1="7" ind2=" ">
    <subfield code="a">441958-3</subfield>
    <subfield code="2">DE-600</subfield>
  </datafield>
  <datafield tag="041" ind1=" " ind2=" ">
    <subfield code="a">eng</subfield>
  </datafield>
  <datafield tag="362" ind1="1" ind2=" ">
    <subfield code="a">56.1950 - 101.1973,7.Mai; 116.1980,47=21(24.Nov.) - 132.1988,41(10.Okt.)</subfield>
  </datafield>
  <datafield tag="247" ind1="0" ind2="0">
    <subfield code="a">BV010902649         Vorg. ---&gt;:Time / Atlantic overseas edition</subfield>
  </datafield>
  <datafield tag="247" ind1="0" ind2="0">
    <subfield code="a">BV002544345         101.1973,14.Mai - 116.1980,46=20(17.Nov.) ---&gt;:Time / Europe</subfield>
  </datafield>
  <datafield tag="785" ind1="0" ind2="0">
    <subfield code="t">BV010364001         Forts. ---&gt;:Time / International</subfield>
  </datafield>
  <datafield tag="500" ind1=" " ind2=" ">
    <subfield code="a">(a/Z)!(03-08-04)Autopsie Z!24!</subfield>
  </datafield>
  <datafield tag="084" ind1=" " ind2=" ">
    <subfield code="a">GES 230z</subfield>
  </datafield>
  <datafield tag="084" ind1=" " ind2=" ">
    <subfield code="a">GES 230z</subfield>
  </datafield>
  <datafield tag="084" ind1=" " ind2=" ">
    <subfield code="a">100 ; 620 ; 610</subfield>
  </datafield>
  <datafield tag="084" ind1=" " ind2=" ">
    <subfield code="a">070ZDB</subfield>
  </datafield>
  <datafield tag="084" ind1=" " ind2=" ">
    <subfield code="a">910ZDB</subfield>
  </datafield>
  <datafield tag="084" ind1=" " ind2=" ">
    <subfield code="a">940ZDB</subfield>
  </datafield>
  <datafield tag="084" ind1=" " ind2=" ">
    <subfield code="a">AZ 10000</subfield>
  </datafield>
  <datafield tag="084" ind1=" " ind2=" ">
    <subfield code="a">|AZ 10000</subfield>
  </datafield>
</record>