

pos=751 schema=info:srw/schema/1/marcxml-v1.1
<record xmlns="http://www.loc.gov/MARC21/slim">
  <leader>01443nas a2200361 u 4500</leader>
  <controlfield tag="001">BV006593902</controlfield>
  <controlfield tag="005">00000000000000.0</controlfield>
  <controlfield tag="007">hu|||||||||||||||||||||</controlfield>
  <controlfield tag="008">                  w          |||        </controlfield>
  <datafield tag="100" ind1=" " ind2=" ">
    <subfield code="g">Hrsg.:  Depol.: 1.1934,1 - 2.1935,52: Deutsche Christliche Volkspartei</subfield>
  </datafield>
  <datafield tag="245" ind1="0" ind2="0">
    <subfield code="a">&lt;&lt;Der&gt;&gt; Deutsche in Polen: fr christliche Politik, Kultur und Wirtschaft</subfield>
  </datafield>
  <datafield tag="246" ind1="2" ind2="3">
    <subfield code="a">Niemiec w Polce</subfield>
  </datafield>
  <datafield tag="246" ind1=" " ind2=" ">
    <subfield code="a">Hauptsacht. 1.1934,30-34,36u.38: Schlesische Warte mit Anzeiger fr den Kreis Pless. - Parallelsacht. ab 6.1939,27. - Zusatz wechselt</subfield>
  </datafield>
  <datafield tag="260" ind1=" " ind2=" ">
    <subfield code="a">Kattowitz</subfield>
    <subfield code="c">1934, 1939</subfield>
  </datafield>
  <datafield tag="310" ind1=" " ind2=" ">
    <subfield code="a">Periodizitt̃: wc̲hentl.</subfield>
  </datafield>
  <datafield tag="525" ind1=" " ind2=" ">
    <subfield code="a">Ungezh̃lte Beil.:  Schlesische Heimat</subfield>
  </datafield>
  <datafield tag="533" ind1=" " ind2=" ">
    <subfield code="n">(reproduction note)</subfield>
  </datafield>
  <datafield tag="740" ind1="0" ind2="2">
    <subfield code="a">Antinationalsozialistische deutsche Exilliteratur 1933 - 1945 / &lt;&lt;Der&gt;&gt; Deutsche in Polen</subfield>
  </datafield>
  <datafield tag="740" ind1="0" ind2=" ">
    <subfield code="a">Antinationalsozialistische deutsche Exilliteratur 1933 - 1945 / &lt;&lt;Der&gt;&gt; Deutsche in Polen</subfield>
  </datafield>
  <datafield tag="740" ind1="0" ind2="2">
    <subfield code="a">Schlesische Heimat</subfield>
  </datafield>
  <datafield tag="740" ind1="0" ind2=" ">
    <subfield code="a">Schlesische Heimat</subfield>
  </datafield>
  <datafield tag="740" ind1="0" ind2="2">
    <subfield code="a">Schlesische Warte mit Anzeiger fr den Kreis Pless</subfield>
  </datafield>
  <datafield tag="740" ind1="0" ind2=" ">
    <subfield code="a">Schlesische Warte mit Anzeiger fr den Kreis Pless</subfield>
  </datafield>
  <datafield tag="900" ind1=" " ind2=" ">
    <subfield code="a">FU Berlin: 144 </subfield>
    <subfield code="b">Signatur: M 309</subfield>
    <subfield code="m">ISSBD</subfield>
  </datafield>
  <datafield tag="016" ind1="7" ind2=" ">
    <subfield code="a">530976-1</subfield>
    <subfield code="2">DE-600</subfield>
  </datafield>
  <datafield tag="041" ind1=" " ind2=" ">
    <subfield code="a">ger</subfield>
  </datafield>
  <datafield tag="362" ind1="1" ind2=" ">
    <subfield code="a">1.1934,1(4.Febr.) - 6.1939,35(27.Aug.); damit Ersch. eingest.</subfield>
  </datafield>
  <datafield tag="084" ind1=" " ind2=" ">
    <subfield code="a">050DNB</subfield>
  </datafield>
  <datafield tag="084" ind1=" " ind2=" ">
    <subfield code="a">070ZDB</subfield>
  </datafield>
  <datafield tag="084" ind1=" " ind2=" ">
    <subfield code="a">910ZDB</subfield>
  </datafield>
  <datafield tag="084" ind1=" " ind2=" ">
    <subfield code="a">940ZDB</subfield>
  </datafield>
  <datafield tag="084" ind1=" " ind2=" ">
    <subfield code="a">NQ 2530</subfield>
  </datafield>
  <datafield tag="084" ind1=" " ind2=" ">
    <subfield code="a">|NQ 2530</subfield>
  </datafield>
</record>