

pos=759 schema=info:srw/schema/1/marcxml-v1.1
<record xmlns="http://www.loc.gov/MARC21/slim">
  <leader>03102nas a2200589 u 4500</leader>
  <controlfield tag="001">BV002564062</controlfield>
  <controlfield tag="005">00000000000000.0</controlfield>
  <controlfield tag="007">hu|||||||||||||||||||||</controlfield>
  <controlfield tag="008">                  w          |||        </controlfield>
  <datafield tag="245" ind1="0" ind2="0">
    <subfield code="a">&lt;&lt;The&gt;&gt; independent: a weekly journal of free opinion ; devoted to the concideration of politics, social and economic tendencies, history, literature, and the arts</subfield>
  </datafield>
  <datafield tag="246" ind1=" " ind2=" ">
    <subfield code="a">Zusatz wechselt. - Hauptsacht. 107.1921,3785(1.Okt.) - 108.1922, 3815(29.Apr.): The independent and the weekly review</subfield>
  </datafield>
  <datafield tag="260" ind1=" " ind2=" ">
    <subfield code="a">Boston, Mass.</subfield>
    <subfield code="b">Independent Publ.</subfield>
    <subfield code="c">1848, 1928</subfield>
  </datafield>
  <datafield tag="260" ind1=" " ind2=" ">
    <subfield code="a">New York, NY</subfield>
    <subfield code="b">Benedict</subfield>
  </datafield>
  <datafield tag="310" ind1=" " ind2=" ">
    <subfield code="a">Periodizitt̃: wc̲hentl.</subfield>
  </datafield>
  <datafield tag="533" ind1=" " ind2=" ">
    <subfield code="n">(reproduction note)</subfield>
  </datafield>
  <datafield tag="740" ind1="0" ind2="2">
    <subfield code="a">American periodicals series 1850 - 1900 / &lt;&lt;The&gt;&gt; independent</subfield>
  </datafield>
  <datafield tag="740" ind1="0" ind2=" ">
    <subfield code="a">American periodicals series 1850 - 1900 / &lt;&lt;The&gt;&gt; independent</subfield>
  </datafield>
  <datafield tag="740" ind1="0" ind2="2">
    <subfield code="a">&lt;&lt;The&gt;&gt; independent and the weekly review</subfield>
  </datafield>
  <datafield tag="740" ind1="0" ind2=" ">
    <subfield code="a">&lt;&lt;The&gt;&gt; independent and the weekly review</subfield>
  </datafield>
  <datafield tag="900" ind1=" " ind2=" ">
    <subfield code="a">FU Berlin: UB </subfield>
    <subfield code="b">Signatur: &lt;&lt;4&apos;&gt;&gt;7 ZA 404-105,1.1921</subfield>
    <subfield code="m">ISSBD</subfield>
  </datafield>
  <datafield tag="900" ind1=" " ind2=" ">
    <subfield code="a">FU Berlin: UB </subfield>
    <subfield code="b">Signatur: &lt;&lt;4&apos;&gt;&gt;7 ZA 404-105,2.1921</subfield>
    <subfield code="m">ISSBD</subfield>
  </datafield>
  <datafield tag="900" ind1=" " ind2=" ">
    <subfield code="a">FU Berlin: UB </subfield>
    <subfield code="b">Signatur: &lt;&lt;4&apos;&gt;&gt;7 ZA 404-106.1921</subfield>
    <subfield code="m">ISSBD</subfield>
  </datafield>
  <datafield tag="900" ind1=" " ind2=" ">
    <subfield code="a">FU Berlin: UB </subfield>
    <subfield code="b">Signatur: &lt;&lt;4&apos;&gt;&gt;7 ZA 404-107.1921</subfield>
    <subfield code="m">ISSBD</subfield>
  </datafield>
  <datafield tag="900" ind1=" " ind2=" ">
    <subfield code="a">FU Berlin: UB </subfield>
    <subfield code="b">Signatur: &lt;&lt;4&apos;&gt;&gt;7 ZA 404-110.1923</subfield>
    <subfield code="m">ISSBD</subfield>
  </datafield>
  <datafield tag="900" ind1=" " ind2=" ">
    <subfield code="a">FU Berlin: UB </subfield>
    <subfield code="b">Signatur: &lt;&lt;4&apos;&gt;&gt;7 ZA 404-111.1923</subfield>
    <subfield code="m">ISSBD</subfield>
  </datafield>
  <datafield tag="900" ind1=" " ind2=" ">
    <subfield code="a">FU Berlin: UB </subfield>
    <subfield code="b">Signatur: &lt;&lt;4&apos;&gt;&gt;7 ZA 404-114.1925</subfield>
    <subfield code="m">ISSBD</subfield>
  </datafield>
  <datafield tag="900" ind1=" " ind2=" ">
    <subfield code="a">FU Berlin: UB </subfield>
    <subfield code="b">Signatur: &lt;&lt;4&apos;&gt;&gt;7 ZA 404-115.1925</subfield>
    <subfield code="m">ISSBD</subfield>
  </datafield>
  <datafield tag="900" ind1=" " ind2=" ">
    <subfield code="a">FU Berlin: UB </subfield>
    <subfield code="b">Signatur: &lt;&lt;4&apos;&gt;&gt;7 ZA 404-116.1926</subfield>
    <subfield code="m">ISSBD</subfield>
  </datafield>
  <datafield tag="900" ind1=" " ind2=" ">
    <subfield code="a">FU Berlin: UB </subfield>
    <subfield code="b">Signatur: &lt;&lt;4&apos;&gt;&gt;7 ZA 404-118.1927</subfield>
    <subfield code="m">ISSBD</subfield>
  </datafield>
  <datafield tag="900" ind1=" " ind2=" ">
    <subfield code="a">FU Berlin: UB </subfield>
    <subfield code="b">Signatur: &lt;&lt;4&apos;&gt;&gt;7 ZA 404-119.1927</subfield>
    <subfield code="m">ISSBD</subfield>
  </datafield>
  <datafield tag="900" ind1=" " ind2=" ">
    <subfield code="a">FU Berlin: UB </subfield>
    <subfield code="b">Signatur: &lt;&lt;4&apos;&gt;&gt;7 ZA 404-121.1928</subfield>
    <subfield code="m">ISSBD</subfield>
  </datafield>
  <datafield tag="900" ind1=" " ind2=" ">
    <subfield code="a">FU Berlin: UB </subfield>
    <subfield code="b">Signatur: &lt;&lt;4&apos;&gt;&gt;7 ZA 404-70.1911</subfield>
    <subfield code="m">ISSBD</subfield>
  </datafield>
  <datafield tag="900" ind1=" " ind2=" ">
    <subfield code="a">FU Berlin: UB </subfield>
    <subfield code="b">Signatur: &lt;&lt;4&apos;&gt;&gt;7 ZA 404-71.1911</subfield>
    <subfield code="m">ISSBD</subfield>
  </datafield>
  <datafield tag="900" ind1=" " ind2=" ">
    <subfield code="a">FU Berlin: UB </subfield>
    <subfield code="b">Signatur: &lt;&lt;4&apos;&gt;&gt;7 ZA 404-73.1912</subfield>
    <subfield code="m">ISSBD</subfield>
  </datafield>
  <datafield tag="900" ind1=" " ind2=" ">
    <subfield code="a">FU Berlin: UB </subfield>
    <subfield code="b">Signatur: &lt;&lt;4&apos;&gt;&gt;7 ZA 404-75.1913</subfield>
    <subfield code="m">ISSBD</subfield>
  </datafield>
  <datafield tag="900" ind1=" " ind2=" ">
    <subfield code="a">FU Berlin: UB </subfield>
    <subfield code="b">Signatur: &lt;&lt;4&apos;&gt;&gt;7 ZA 404-78.1914</subfield>
    <subfield code="m">ISSBD</subfield>
  </datafield>
  <datafield tag="900" ind1=" " ind2=" ">
    <subfield code="a">FU Berlin: UB </subfield>
    <subfield code="b">Signatur: &lt;&lt;4&apos;&gt;&gt;7 ZA 404-85.1916</subfield>
    <subfield code="m">ISSBD</subfield>
  </datafield>
  <datafield tag="900" ind1=" " ind2=" ">
    <subfield code="a">FU Berlin: UB </subfield>
    <subfield code="b">Signatur: &lt;&lt;4&apos;&gt;&gt;7 ZA 404-86.1916</subfield>
    <subfield code="m">ISSBD</subfield>
  </datafield>
  <datafield tag="900" ind1=" " ind2=" ">
    <subfield code="a">FU Berlin: UB </subfield>
    <subfield code="b">Signatur: &lt;&lt;4&apos;&gt;&gt;7 ZA 404-87.1916</subfield>
    <subfield code="m">ISSBD</subfield>
  </datafield>
  <datafield tag="900" ind1=" " ind2=" ">
    <subfield code="a">FU Berlin: UB </subfield>
    <subfield code="b">Signatur: &lt;&lt;4&apos;&gt;&gt;7 ZA 404-88.1916</subfield>
    <subfield code="m">ISSBD</subfield>
  </datafield>
  <datafield tag="900" ind1=" " ind2=" ">
    <subfield code="a">FU Berlin: UB </subfield>
    <subfield code="b">Signatur: &lt;&lt;4&apos;&gt;&gt;7 ZA 404-97.1919</subfield>
    <subfield code="m">ISSBD</subfield>
  </datafield>
  <datafield tag="900" ind1=" " ind2=" ">
    <subfield code="a">FU Berlin: 144 </subfield>
    <subfield code="b">Signatur: M 359</subfield>
    <subfield code="m">ISSUE</subfield>
  </datafield>
  <datafield tag="900" ind1=" " ind2=" ">
    <subfield code="a">FU Berlin: 144 </subfield>
    <subfield code="b">Signatur: M 359</subfield>
    <subfield code="m">ISSUE</subfield>
  </datafield>
  <datafield tag="016" ind1="7" ind2=" ">
    <subfield code="a">719880-2</subfield>
    <subfield code="2">DE-600</subfield>
  </datafield>
  <datafield tag="041" ind1=" " ind2=" ">
    <subfield code="a">eng</subfield>
  </datafield>
  <datafield tag="362" ind1="1" ind2=" ">
    <subfield code="a">1.1848 - 121.1928,Okt.  = Nr. 1-4089</subfield>
  </datafield>
  <datafield tag="247" ind1="0" ind2="0">
    <subfield code="a">BV021641565         Darin aufgeg. ---&gt;:&lt;&lt;The&gt;&gt; Chautauquan</subfield>
  </datafield>
  <datafield tag="247" ind1="0" ind2="0">
    <subfield code="a">BV014219224         Darin aufgeg. ---&gt;:Harper&apos;s weekly</subfield>
  </datafield>
  <datafield tag="247" ind1="0" ind2="0">
    <subfield code="a">BV012286121         Darin aufgeg. ---&gt;:&lt;&lt;The&gt;&gt; weekly review</subfield>
  </datafield>
  <datafield tag="785" ind1="0" ind2="0">
    <subfield code="t">BV036825463         Forts. ---&gt;:&lt;&lt;The&gt;&gt; outlook and independent</subfield>
  </datafield>
  <datafield tag="500" ind1=" " ind2=" ">
    <subfield code="a">(a/Z)</subfield>
  </datafield>
  <datafield tag="084" ind1=" " ind2=" ">
    <subfield code="a">070ZDB</subfield>
  </datafield>
</record>