

pos=760 schema=info:srw/schema/1/marcxml-v1.1
<record xmlns="http://www.loc.gov/MARC21/slim">
  <leader>09180nas a2201681 u 4500</leader>
  <controlfield tag="001">BV002544345</controlfield>
  <controlfield tag="005">00000000000000.0</controlfield>
  <controlfield tag="007">hu|||||||||||||||||||||</controlfield>
  <controlfield tag="008">                  w          |||        </controlfield>
  <datafield tag="022" ind1=" " ind2=" ">
    <subfield code="a">0928-8430</subfield>
  </datafield>
  <datafield tag="245" ind1="0" ind2="0">
    <subfield code="a">Time: the weekly newsmagazine</subfield>
  </datafield>
  <datafield tag="245" ind1=" " ind2=" ">
    <subfield code="p">Europe</subfield>
  </datafield>
  <datafield tag="246" ind1=" " ind2="3">
    <subfield code="a">Time / Europe</subfield>
  </datafield>
  <datafield tag="246" ind1=" " ind2=" ">
    <subfield code="a">Sachl. Benennung bis 103.1974,11.Febr.: European edition. - Sachl. Benennung im Impressum bis 116.1980,46 teils: Atlantic edition. - Ab 157.2001,7 teils ohne sachl. Benennung</subfield>
  </datafield>
  <datafield tag="260" ind1=" " ind2=" ">
    <subfield code="a">Amsterdam</subfield>
    <subfield code="b">Time Inc.</subfield>
    <subfield code="c">1973</subfield>
  </datafield>
  <datafield tag="310" ind1=" " ind2=" ">
    <subfield code="a">Jg.-Zh̃lung von New Yorker Ausg. bernommen; ab 158.2001 ist die letzte Nr. zugl. Nr. 1 des folgenden Jahres; 164.2004,11 fl̃schlich als Nr. 10; 165.2005,4 fl̃schlich als Vol. 166; 166.2005/06,3 fl̃schlich als Nr. 29; 166.2005/06,26 fl̃schlich als Nr. 25 bez.; 177.2011,22 fl̃schlich als Nr. 21 bez.;  178.2011,14 fl̃schlich als Vol. 177 bez.; 166.2005/06,2 in der Zh̃lung berspr.; 169.2007,1/2; 171.2008,1; 172.2008,1; 175.2010,24 u. 180.2012,6 nicht ersch.; Periodizitt̃: wc̲hentl.</subfield>
  </datafield>
  <datafield tag="533" ind1=" " ind2=" ">
    <subfield code="n">(reproduction note)</subfield>
  </datafield>
  <datafield tag="580" ind1=" " ind2=" ">
    <subfield code="a">BV002529726         Nat. Ausg. ---&gt;:Time</subfield>
  </datafield>
  <datafield tag="580" ind1=" " ind2=" ">
    <subfield code="a">BV022525005         Online-Ausg. ---&gt;:Time / Europe</subfield>
  </datafield>
  <datafield tag="580" ind1=" " ind2=" ">
    <subfield code="a">BV035940896         Beil. ab 2002 ---&gt;:Time / Europe / Fashion</subfield>
  </datafield>
  <datafield tag="580" ind1=" " ind2=" ">
    <subfield code="a">BV035724662         Suppl. ---&gt;:Time / Europe / Style &amp; design</subfield>
  </datafield>
  <datafield tag="580" ind1=" " ind2=" ">
    <subfield code="a">1443485-4           Darin ab 2002 ---&gt;:Time / Europe / Digital</subfield>
  </datafield>
  <datafield tag="740" ind1="0" ind2="2">
    <subfield code="a">Time / Atlantic edition</subfield>
  </datafield>
  <datafield tag="740" ind1="0" ind2=" ">
    <subfield code="a">Time / Atlantic edition</subfield>
  </datafield>
  <datafield tag="740" ind1="0" ind2="2">
    <subfield code="a">Time / European edition</subfield>
  </datafield>
  <datafield tag="740" ind1="0" ind2=" ">
    <subfield code="a">Time / European edition</subfield>
  </datafield>
  <datafield tag="740" ind1="0" ind2="2">
    <subfield code="a">Europe</subfield>
  </datafield>
  <datafield tag="740" ind1="0" ind2=" ">
    <subfield code="a">Europe</subfield>
  </datafield>
  <datafield tag="740" ind1="0" ind2="2">
    <subfield code="a">European edition</subfield>
  </datafield>
  <datafield tag="740" ind1="0" ind2=" ">
    <subfield code="a">European edition</subfield>
  </datafield>
  <datafield tag="740" ind1="0" ind2="2">
    <subfield code="a">Atlantic edition</subfield>
  </datafield>
  <datafield tag="740" ind1="0" ind2=" ">
    <subfield code="a">Atlantic edition</subfield>
  </datafield>
  <datafield tag="900" ind1=" " ind2=" ">
    <subfield code="a">FU Berlin: 144 </subfield>
    <subfield code="b">Signatur: Bitte Standort an der Theke erfragen</subfield>
    <subfield code="m">ISSBD</subfield>
  </datafield>
  <datafield tag="900" ind1=" " ind2=" ">
    <subfield code="a">FU Berlin: 211 </subfield>
    <subfield code="b">Signatur: Zs 915-101.1973,1/13</subfield>
    <subfield code="m">ISSBD</subfield>
  </datafield>
  <datafield tag="900" ind1=" " ind2=" ">
    <subfield code="a">FU Berlin: 211 </subfield>
    <subfield code="b">Signatur: Zs 915-101.1973,14/26</subfield>
    <subfield code="m">ISSBD</subfield>
  </datafield>
  <datafield tag="900" ind1=" " ind2=" ">
    <subfield code="a">FU Berlin: 211 </subfield>
    <subfield code="b">Signatur: Zs 915-102.1973,1/13</subfield>
    <subfield code="m">ISSBD</subfield>
  </datafield>
  <datafield tag="900" ind1=" " ind2=" ">
    <subfield code="a">FU Berlin: 211 </subfield>
    <subfield code="b">Signatur: Zs 915-102.1973,14/27</subfield>
    <subfield code="m">ISSBD</subfield>
  </datafield>
  <datafield tag="900" ind1=" " ind2=" ">
    <subfield code="a">FU Berlin: 211 </subfield>
    <subfield code="b">Signatur: Zs 915-103.1974,1/12</subfield>
    <subfield code="m">ISSBD</subfield>
  </datafield>
  <datafield tag="900" ind1=" " ind2=" ">
    <subfield code="a">FU Berlin: 211 </subfield>
    <subfield code="b">Signatur: Zs 915-103.1974,13/25</subfield>
    <subfield code="m">ISSBD</subfield>
  </datafield>
  <datafield tag="900" ind1=" " ind2=" ">
    <subfield code="a">FU Berlin: 211 </subfield>
    <subfield code="b">Signatur: Zs 915-104.1974,1/14</subfield>
    <subfield code="m">ISSBD</subfield>
  </datafield>
  <datafield tag="900" ind1=" " ind2=" ">
    <subfield code="a">FU Berlin: 211 </subfield>
    <subfield code="b">Signatur: Zs 915-104.1974,15/27</subfield>
    <subfield code="m">ISSBD</subfield>
  </datafield>
  <datafield tag="900" ind1=" " ind2=" ">
    <subfield code="a">FU Berlin: 211 </subfield>
    <subfield code="b">Signatur: Zs 915-105.1975,1/13</subfield>
    <subfield code="m">ISSBD</subfield>
  </datafield>
  <datafield tag="900" ind1=" " ind2=" ">
    <subfield code="a">FU Berlin: 211 </subfield>
    <subfield code="b">Signatur: Zs 915-105.1975,14/27</subfield>
    <subfield code="m">ISSBD</subfield>
  </datafield>
  <datafield tag="900" ind1=" " ind2=" ">
    <subfield code="a">FU Berlin: 211 </subfield>
    <subfield code="b">Signatur: Zs 915-106.1975,1/13</subfield>
    <subfield code="m">ISSBD</subfield>
  </datafield>
  <datafield tag="900" ind1=" " ind2=" ">
    <subfield code="a">FU Berlin: 211 </subfield>
    <subfield code="b">Signatur: Zs 915-106.1975,14/26</subfield>
    <subfield code="m">ISSBD</subfield>
  </datafield>
  <datafield tag="900" ind1=" " ind2=" ">
    <subfield code="a">FU Berlin: 211 </subfield>
    <subfield code="b">Signatur: Zs 915-107.1976,1/13</subfield>
    <subfield code="m">ISSBD</subfield>
  </datafield>
  <datafield tag="900" ind1=" " ind2=" ">
    <subfield code="a">FU Berlin: 211 </subfield>
    <subfield code="b">Signatur: Zs 915-107.1976,14/26</subfield>
    <subfield code="m">ISSBD</subfield>
  </datafield>
  <datafield tag="900" ind1=" " ind2=" ">
    <subfield code="a">FU Berlin: 211 </subfield>
    <subfield code="b">Signatur: Zs 915-108.1976,1/13</subfield>
    <subfield code="m">ISSBD</subfield>
  </datafield>
  <datafield tag="900" ind1=" " ind2=" ">
    <subfield code="a">FU Berlin: 211 </subfield>
    <subfield code="b">Signatur: Zs 915-108.1976,14/26</subfield>
    <subfield code="m">ISSBD</subfield>
  </datafield>
  <datafield tag="900" ind1=" " ind2=" ">
    <subfield code="a">FU Berlin: 211 </subfield>
    <subfield code="b">Signatur: Zs 915-109.1977,1/13</subfield>
    <subfield code="m">ISSBD</subfield>
  </datafield>
  <datafield tag="900" ind1=" " ind2=" ">
    <subfield code="a">FU Berlin: 211 </subfield>
    <subfield code="b">Signatur: Zs 915-109.1977,14/26</subfield>
    <subfield code="m">ISSBD</subfield>
  </datafield>
  <datafield tag="900" ind1=" " ind2=" ">
    <subfield code="a">FU Berlin: 211 </subfield>
    <subfield code="b">Signatur: Zs 915-110.1977,1/13</subfield>
    <subfield code="m">ISSBD</subfield>
  </datafield>
  <datafield tag="900" ind1=" " ind2=" ">
    <subfield code="a">FU Berlin: 211 </subfield>
    <subfield code="b">Signatur: Zs 915-110.1977,14/26</subfield>
    <subfield code="m">ISSBD</subfield>
  </datafield>
  <datafield tag="900" ind1=" " ind2=" ">
    <subfield code="a">FU Berlin: 211 </subfield>
    <subfield code="b">Signatur: Zs 915-111.1978,1/13</subfield>
    <subfield code="m">ISSBD</subfield>
  </datafield>
  <datafield tag="900" ind1=" " ind2=" ">
    <subfield code="a">FU Berlin: 211 </subfield>
    <subfield code="b">Signatur: Zs 915-111.1978,14/26</subfield>
    <subfield code="m">ISSBD</subfield>
  </datafield>
  <datafield tag="900" ind1=" " ind2=" ">
    <subfield code="a">FU Berlin: 211 </subfield>
    <subfield code="b">Signatur: Zs 915-112.1978,1/13</subfield>
    <subfield code="m">ISSBD</subfield>
  </datafield>
  <datafield tag="900" ind1=" " ind2=" ">
    <subfield code="a">FU Berlin: 211 </subfield>
    <subfield code="b">Signatur: Zs 915-112.1978,14/26</subfield>
    <subfield code="m">ISSBD</subfield>
  </datafield>
  <datafield tag="900" ind1=" " ind2=" ">
    <subfield code="a">FU Berlin: 211 </subfield>
    <subfield code="b">Signatur: Zs 915-113.1979,1/13</subfield>
    <subfield code="m">ISSBD</subfield>
  </datafield>
  <datafield tag="900" ind1=" " ind2=" ">
    <subfield code="a">FU Berlin: 211 </subfield>
    <subfield code="b">Signatur: Zs 915-113.1979,14/26</subfield>
    <subfield code="m">ISSBD</subfield>
  </datafield>
  <datafield tag="900" ind1=" " ind2=" ">
    <subfield code="a">FU Berlin: 211 </subfield>
    <subfield code="b">Signatur: Zs 915-114.1979,1/13</subfield>
    <subfield code="m">ISSBD</subfield>
  </datafield>
  <datafield tag="900" ind1=" " ind2=" ">
    <subfield code="a">FU Berlin: 211 </subfield>
    <subfield code="b">Signatur: Zs 915-114.1979,14/27</subfield>
    <subfield code="m">ISSBD</subfield>
  </datafield>
  <datafield tag="900" ind1=" " ind2=" ">
    <subfield code="a">FU Berlin: 211 </subfield>
    <subfield code="b">Signatur: Zs 915-115.1980,1/13</subfield>
    <subfield code="m">ISSBD</subfield>
  </datafield>
  <datafield tag="900" ind1=" " ind2=" ">
    <subfield code="a">FU Berlin: 211 </subfield>
    <subfield code="b">Signatur: Zs 915-115.1980,14/26 [Spec. issue=25]</subfield>
    <subfield code="m">ISSBD</subfield>
  </datafield>
  <datafield tag="900" ind1=" " ind2=" ">
    <subfield code="a">FU Berlin: 211 </subfield>
    <subfield code="b">Signatur: Zs 915-116.1980,1/13</subfield>
    <subfield code="m">ISSBD</subfield>
  </datafield>
  <datafield tag="900" ind1=" " ind2=" ">
    <subfield code="a">FU Berlin: 211 </subfield>
    <subfield code="b">Signatur: Zs 915-157.2001,13/25</subfield>
    <subfield code="m">ISSBD</subfield>
  </datafield>
  <datafield tag="900" ind1=" " ind2=" ">
    <subfield code="a">FU Berlin: 211 </subfield>
    <subfield code="b">Signatur: Zs 915-158.2001,1/19</subfield>
    <subfield code="m">ISSBD</subfield>
  </datafield>
  <datafield tag="900" ind1=" " ind2=" ">
    <subfield code="a">FU Berlin: 211 </subfield>
    <subfield code="b">Signatur: Zs 915-159.2002,11/25</subfield>
    <subfield code="m">ISSBD</subfield>
  </datafield>
  <datafield tag="900" ind1=" " ind2=" ">
    <subfield code="a">FU Berlin: 211 </subfield>
    <subfield code="b">Signatur: Zs 915-160.2002,1/14</subfield>
    <subfield code="m">ISSBD</subfield>
  </datafield>
  <datafield tag="900" ind1=" " ind2=" ">
    <subfield code="a">FU Berlin: 211 </subfield>
    <subfield code="b">Signatur: Zs 915-160.2002,15/27</subfield>
    <subfield code="m">ISSBD</subfield>
  </datafield>
  <datafield tag="900" ind1=" " ind2=" ">
    <subfield code="a">FU Berlin: 211 </subfield>
    <subfield code="b">Signatur: Zs 915-161.2003,14/26</subfield>
    <subfield code="m">ISSBD</subfield>
  </datafield>
  <datafield tag="900" ind1=" " ind2=" ">
    <subfield code="a">FU Berlin: 211 </subfield>
    <subfield code="b">Signatur: Zs 915-161.2003,2/13</subfield>
    <subfield code="m">ISSBD</subfield>
  </datafield>
  <datafield tag="900" ind1=" " ind2=" ">
    <subfield code="a">FU Berlin: 211 </subfield>
    <subfield code="b">Signatur: Zs 915-162.2003,1/12</subfield>
    <subfield code="m">ISSBD</subfield>
  </datafield>
  <datafield tag="900" ind1=" " ind2=" ">
    <subfield code="a">FU Berlin: 211 </subfield>
    <subfield code="b">Signatur: Zs 915-162.2003,13/25</subfield>
    <subfield code="m">ISSBD</subfield>
  </datafield>
  <datafield tag="900" ind1=" " ind2=" ">
    <subfield code="a">FU Berlin: 211 </subfield>
    <subfield code="b">Signatur: Zs 915-163.2004,14/26</subfield>
    <subfield code="m">ISSBD</subfield>
  </datafield>
  <datafield tag="900" ind1=" " ind2=" ">
    <subfield code="a">FU Berlin: 211 </subfield>
    <subfield code="b">Signatur: Zs 915-163.2004,2/13</subfield>
    <subfield code="m">ISSBD</subfield>
  </datafield>
  <datafield tag="900" ind1=" " ind2=" ">
    <subfield code="a">FU Berlin: 211 </subfield>
    <subfield code="b">Signatur: Zs 915-164.2004,1/12</subfield>
    <subfield code="m">ISSBD</subfield>
  </datafield>
  <datafield tag="900" ind1=" " ind2=" ">
    <subfield code="a">FU Berlin: 211 </subfield>
    <subfield code="b">Signatur: Zs 915-164.2004,13/25</subfield>
    <subfield code="m">ISSBD</subfield>
  </datafield>
  <datafield tag="900" ind1=" " ind2=" ">
    <subfield code="a">FU Berlin: 211 </subfield>
    <subfield code="b">Signatur: Zs 915-165.2005,14/26</subfield>
    <subfield code="m">ISSBD</subfield>
  </datafield>
  <datafield tag="900" ind1=" " ind2=" ">
    <subfield code="a">FU Berlin: 211 </subfield>
    <subfield code="b">Signatur: Zs 915-165.2005,2/13</subfield>
    <subfield code="m">ISSBD</subfield>
  </datafield>
  <datafield tag="900" ind1=" " ind2=" ">
    <subfield code="a">FU Berlin: 211 </subfield>
    <subfield code="b">Signatur: Zs 915-166.2005,1/13</subfield>
    <subfield code="m">ISSBD</subfield>
  </datafield>
  <datafield tag="900" ind1=" " ind2=" ">
    <subfield code="a">FU Berlin: 211 </subfield>
    <subfield code="b">Signatur: Zs 915-166.2005,14/26</subfield>
    <subfield code="m">ISSBD</subfield>
  </datafield>
  <datafield tag="900" ind1=" " ind2=" ">
    <subfield code="a">FU Berlin: 211 </subfield>
    <subfield code="b">Signatur: Zs 915-167.2006,14/26</subfield>
    <subfield code="m">ISSBD</subfield>
  </datafield>
  <datafield tag="900" ind1=" " ind2=" ">
    <subfield code="a">FU Berlin: 211 </subfield>
    <subfield code="b">Signatur: Zs 915-167.2006,2/13</subfield>
    <subfield code="m">ISSBD</subfield>
  </datafield>
  <datafield tag="900" ind1=" " ind2=" ">
    <subfield code="a">FU Berlin: 211 </subfield>
    <subfield code="b">Signatur: Zs 915-168.2006,1/14</subfield>
    <subfield code="m">ISSBD</subfield>
  </datafield>
  <datafield tag="900" ind1=" " ind2=" ">
    <subfield code="a">FU Berlin: 211 </subfield>
    <subfield code="b">Signatur: Zs 915-168.2006,15/26</subfield>
    <subfield code="m">ISSBD</subfield>
  </datafield>
  <datafield tag="900" ind1=" " ind2=" ">
    <subfield code="a">FU Berlin: 211 </subfield>
    <subfield code="b">Signatur: Zs 915-169.2007,14/26</subfield>
    <subfield code="m">ISSBD</subfield>
  </datafield>
  <datafield tag="900" ind1=" " ind2=" ">
    <subfield code="a">FU Berlin: 211 </subfield>
    <subfield code="b">Signatur: Zs 915-169.2007,3/13</subfield>
    <subfield code="m">ISSBD</subfield>
  </datafield>
  <datafield tag="900" ind1=" " ind2=" ">
    <subfield code="a">FU Berlin: 211 </subfield>
    <subfield code="b">Signatur: Zs 915-170.2007,1/12</subfield>
    <subfield code="m">ISSBD</subfield>
  </datafield>
  <datafield tag="900" ind1=" " ind2=" ">
    <subfield code="a">FU Berlin: 211 </subfield>
    <subfield code="b">Signatur: Zs 915-170.2007,13/27</subfield>
    <subfield code="m">ISSBD</subfield>
  </datafield>
  <datafield tag="900" ind1=" " ind2=" ">
    <subfield code="a">FU Berlin: 211 </subfield>
    <subfield code="b">Signatur: Zs 915-171.2008,14/27</subfield>
    <subfield code="m">ISSBD</subfield>
  </datafield>
  <datafield tag="900" ind1=" " ind2=" ">
    <subfield code="a">FU Berlin: 211 </subfield>
    <subfield code="b">Signatur: Zs 915-171.2008,2/13</subfield>
    <subfield code="m">ISSBD</subfield>
  </datafield>
  <datafield tag="900" ind1=" " ind2=" ">
    <subfield code="a">FU Berlin: 211 </subfield>
    <subfield code="b">Signatur: Zs 915-172.2008,14/26</subfield>
    <subfield code="m">ISSBD</subfield>
  </datafield>
  <datafield tag="900" ind1=" " ind2=" ">
    <subfield code="a">FU Berlin: 211 </subfield>
    <subfield code="b">Signatur: Zs 915-172.2008,2/13</subfield>
    <subfield code="m">ISSBD</subfield>
  </datafield>
  <datafield tag="900" ind1=" " ind2=" ">
    <subfield code="a">FU Berlin: 211 </subfield>
    <subfield code="b">Signatur: Zs 915-173.2009,14/27</subfield>
    <subfield code="m">ISSBD</subfield>
  </datafield>
  <datafield tag="900" ind1=" " ind2=" ">
    <subfield code="a">FU Berlin: 211 </subfield>
    <subfield code="b">Signatur: Zs 915-173.2009,3/13</subfield>
    <subfield code="m">ISSBD</subfield>
  </datafield>
  <datafield tag="900" ind1=" " ind2=" ">
    <subfield code="a">FU Berlin: 211 </subfield>
    <subfield code="b">Signatur: Zs 915-174.2009,1/12</subfield>
    <subfield code="m">ISSBD</subfield>
  </datafield>
  <datafield tag="900" ind1=" " ind2=" ">
    <subfield code="a">FU Berlin: 211 </subfield>
    <subfield code="b">Signatur: Zs 915-174.2009,13/26</subfield>
    <subfield code="m">ISSBD</subfield>
  </datafield>
  <datafield tag="900" ind1=" " ind2=" ">
    <subfield code="a">FU Berlin: 211 </subfield>
    <subfield code="b">Signatur: Zs 915-175.2010,1/12</subfield>
    <subfield code="m">ISSBD</subfield>
  </datafield>
  <datafield tag="900" ind1=" " ind2=" ">
    <subfield code="a">FU Berlin: 211 </subfield>
    <subfield code="b">Signatur: Zs 915-175.2010,13/25</subfield>
    <subfield code="m">ISSBD</subfield>
  </datafield>
  <datafield tag="900" ind1=" " ind2=" ">
    <subfield code="a">FU Berlin: 211 </subfield>
    <subfield code="b">Signatur: Zs 915-176.2010,14/26</subfield>
    <subfield code="m">ISSBD</subfield>
  </datafield>
  <datafield tag="900" ind1=" " ind2=" ">
    <subfield code="a">FU Berlin: 211 </subfield>
    <subfield code="b">Signatur: Zs 915-176.2011,1/13</subfield>
    <subfield code="m">ISSBD</subfield>
  </datafield>
  <datafield tag="900" ind1=" " ind2=" ">
    <subfield code="a">FU Berlin: 211 </subfield>
    <subfield code="b">Signatur: Zs 915-177.2011,1/12</subfield>
    <subfield code="m">ISSBD</subfield>
  </datafield>
  <datafield tag="900" ind1=" " ind2=" ">
    <subfield code="a">FU Berlin: 211 </subfield>
    <subfield code="b">Signatur: Zs 915-177.2011,13/26</subfield>
    <subfield code="m">ISSBD</subfield>
  </datafield>
  <datafield tag="900" ind1=" " ind2=" ">
    <subfield code="a">FU Berlin: 211 </subfield>
    <subfield code="b">Signatur: Zs 915-178.2011,1/12</subfield>
    <subfield code="m">ISSBD</subfield>
  </datafield>
  <datafield tag="900" ind1=" " ind2=" ">
    <subfield code="a">FU Berlin: 211 </subfield>
    <subfield code="b">Signatur: Zs 915-178.2011,13/25</subfield>
    <subfield code="m">ISSBD</subfield>
  </datafield>
  <datafield tag="900" ind1=" " ind2=" ">
    <subfield code="a">FU Berlin: 211 </subfield>
    <subfield code="b">Signatur: Zs 915-179.2012,1/12</subfield>
    <subfield code="m">ISSBD</subfield>
  </datafield>
  <datafield tag="900" ind1=" " ind2=" ">
    <subfield code="a">FU Berlin: 211 </subfield>
    <subfield code="b">Signatur: Zs 915-179.2012,13/25</subfield>
    <subfield code="m">ISSBD</subfield>
  </datafield>
  <datafield tag="900" ind1=" " ind2=" ">
    <subfield code="a">FU Berlin: 211 </subfield>
    <subfield code="b">Signatur: Zs 915</subfield>
    <subfield code="m">ISSUE</subfield>
  </datafield>
  <datafield tag="900" ind1=" " ind2=" ">
    <subfield code="a">FU Berlin: 211 </subfield>
    <subfield code="b">Signatur: Zs 915</subfield>
    <subfield code="m">ISSUE</subfield>
  </datafield>
  <datafield tag="900" ind1=" " ind2=" ">
    <subfield code="a">FU Berlin: 211 </subfield>
    <subfield code="b">Signatur: Zs 915</subfield>
    <subfield code="m">ISSUE</subfield>
  </datafield>
  <datafield tag="900" ind1=" " ind2=" ">
    <subfield code="a">FU Berlin: 211 </subfield>
    <subfield code="b">Signatur: Zs 915</subfield>
    <subfield code="m">ISSUE</subfield>
  </datafield>
  <datafield tag="900" ind1=" " ind2=" ">
    <subfield code="a">FU Berlin: 211 </subfield>
    <subfield code="b">Signatur: Zs 915</subfield>
    <subfield code="m">ISSUE</subfield>
  </datafield>
  <datafield tag="900" ind1=" " ind2=" ">
    <subfield code="a">FU Berlin: 211 </subfield>
    <subfield code="b">Signatur: Zs 915</subfield>
    <subfield code="m">ISSUE</subfield>
  </datafield>
  <datafield tag="900" ind1=" " ind2=" ">
    <subfield code="a">FU Berlin: 211 </subfield>
    <subfield code="b">Signatur: Zs 915</subfield>
    <subfield code="m">ISSUE</subfield>
  </datafield>
  <datafield tag="900" ind1=" " ind2=" ">
    <subfield code="a">FU Berlin: 211 </subfield>
    <subfield code="b">Signatur: Zs 915</subfield>
    <subfield code="m">ISSUE</subfield>
  </datafield>
  <datafield tag="900" ind1=" " ind2=" ">
    <subfield code="a">FU Berlin: 211 </subfield>
    <subfield code="b">Signatur: Zs 915</subfield>
    <subfield code="m">ISSUE</subfield>
  </datafield>
  <datafield tag="900" ind1=" " ind2=" ">
    <subfield code="a">FU Berlin: 211 </subfield>
    <subfield code="b">Signatur: Zs 915</subfield>
    <subfield code="m">ISSUE</subfield>
  </datafield>
  <datafield tag="900" ind1=" " ind2=" ">
    <subfield code="a">FU Berlin: 211 </subfield>
    <subfield code="b">Signatur: Zs 915</subfield>
    <subfield code="m">ISSUE</subfield>
  </datafield>
  <datafield tag="900" ind1=" " ind2=" ">
    <subfield code="a">FU Berlin: 211 </subfield>
    <subfield code="b">Signatur: Zs 915</subfield>
    <subfield code="m">ISSUE</subfield>
  </datafield>
  <datafield tag="900" ind1=" " ind2=" ">
    <subfield code="a">FU Berlin: 211 </subfield>
    <subfield code="b">Signatur: Zs 915</subfield>
    <subfield code="m">ISSUE</subfield>
  </datafield>
  <datafield tag="900" ind1=" " ind2=" ">
    <subfield code="a">FU Berlin: 211 </subfield>
    <subfield code="b">Signatur: Zs 915</subfield>
    <subfield code="m">ISSUE</subfield>
  </datafield>
  <datafield tag="900" ind1=" " ind2=" ">
    <subfield code="a">FU Berlin: 211 </subfield>
    <subfield code="b">Signatur: Zs 915</subfield>
    <subfield code="m">ISSUE</subfield>
  </datafield>
  <datafield tag="900" ind1=" " ind2=" ">
    <subfield code="a">FU Berlin: 211 </subfield>
    <subfield code="b">Signatur: Zs 915</subfield>
    <subfield code="m">ISSUE</subfield>
  </datafield>
  <datafield tag="900" ind1=" " ind2=" ">
    <subfield code="a">FU Berlin: 211 </subfield>
    <subfield code="b">Signatur: Zs 915</subfield>
    <subfield code="m">ISSUE</subfield>
  </datafield>
  <datafield tag="900" ind1=" " ind2=" ">
    <subfield code="a">FU Berlin: 211 </subfield>
    <subfield code="b">Signatur: Zs 915</subfield>
    <subfield code="m">ISSUE</subfield>
  </datafield>
  <datafield tag="900" ind1=" " ind2=" ">
    <subfield code="a">FU Berlin: 211 </subfield>
    <subfield code="b">Signatur: Zs 915</subfield>
    <subfield code="m">ISSUE</subfield>
  </datafield>
  <datafield tag="900" ind1=" " ind2=" ">
    <subfield code="a">FU Berlin: 211 </subfield>
    <subfield code="b">Signatur: Zs 915</subfield>
    <subfield code="m">ISSUE</subfield>
  </datafield>
  <datafield tag="900" ind1=" " ind2=" ">
    <subfield code="a">FU Berlin: 211 </subfield>
    <subfield code="b">Signatur: Zs 915</subfield>
    <subfield code="m">ISSUE</subfield>
  </datafield>
  <datafield tag="900" ind1=" " ind2=" ">
    <subfield code="a">FU Berlin: 211 </subfield>
    <subfield code="b">Signatur: Zs 915</subfield>
    <subfield code="m">ISSUE</subfield>
  </datafield>
  <datafield tag="900" ind1=" " ind2=" ">
    <subfield code="a">FU Berlin: 211 </subfield>
    <subfield code="b">Signatur: Zs 915</subfield>
    <subfield code="m">ISSUE</subfield>
  </datafield>
  <datafield tag="900" ind1=" " ind2=" ">
    <subfield code="a">FU Berlin: 211 </subfield>
    <subfield code="b">Signatur: Zs 915</subfield>
    <subfield code="m">ISSUE</subfield>
  </datafield>
  <datafield tag="900" ind1=" " ind2=" ">
    <subfield code="a">FU Berlin: 211 </subfield>
    <subfield code="b">Signatur: Zs 915</subfield>
    <subfield code="m">ISSUE</subfield>
  </datafield>
  <datafield tag="900" ind1=" " ind2=" ">
    <subfield code="a">FU Berlin: 211 </subfield>
    <subfield code="b">Signatur: Zs 915</subfield>
    <subfield code="m">ISSUE</subfield>
  </datafield>
  <datafield tag="016" ind1="7" ind2=" ">
    <subfield code="a">732361-x</subfield>
    <subfield code="2">DE-600</subfield>
  </datafield>
  <datafield tag="041" ind1=" " ind2=" ">
    <subfield code="a">eng</subfield>
  </datafield>
  <datafield tag="362" ind1="1" ind2=" ">
    <subfield code="a">101.1973,14.Mai - 116.1980,46=20(17.Nov.); 157.2001,7(19.Febr.) -</subfield>
  </datafield>
  <datafield tag="247" ind1="0" ind2="0">
    <subfield code="a">BV002529533         Vorg. u. 116.1980,47=21(24.Nov.) - 132.1988,41(10.Okt.) ---&gt;:Time / Atlantic edition</subfield>
  </datafield>
  <datafield tag="247" ind1="0" ind2="0">
    <subfield code="a">BV010364001         132.1988,42(17.Okt) - 157.2001,6(12.Febr.) ---&gt;:Time / International</subfield>
  </datafield>
  <datafield tag="500" ind1=" " ind2=" ">
    <subfield code="a">(a/Z) AutopsieZ! 464!(lũft wieder) (24-04-07)</subfield>
  </datafield>
  <datafield tag="084" ind1=" " ind2=" ">
    <subfield code="a">100 ; 620 ; 610</subfield>
  </datafield>
  <datafield tag="084" ind1=" " ind2=" ">
    <subfield code="a">070ZDB</subfield>
  </datafield>
  <datafield tag="084" ind1=" " ind2=" ">
    <subfield code="a">AZ 10000</subfield>
  </datafield>
  <datafield tag="084" ind1=" " ind2=" ">
    <subfield code="a">|AZ 10000</subfield>
  </datafield>
</record>