

pos=790 schema=info:srw/schema/1/marcxml-v1.1
<record xmlns="http://www.loc.gov/MARC21/slim">
  <leader>00923nas a2200241 u 4500</leader>
  <controlfield tag="001">BV036831198</controlfield>
  <controlfield tag="005">00000000000000.0</controlfield>
  <controlfield tag="007">zz|||||||||||||||||||||</controlfield>
  <controlfield tag="008">                  d          |||        </controlfield>
  <datafield tag="245" ind1="0" ind2="0">
    <subfield code="a">American citizen</subfield>
  </datafield>
  <datafield tag="260" ind1=" " ind2=" ">
    <subfield code="a">New York, NY</subfield>
    <subfield code="c">1802, 1810</subfield>
  </datafield>
  <datafield tag="310" ind1=" " ind2=" ">
    <subfield code="a">Periodizitt̃: tg̃l.</subfield>
  </datafield>
  <datafield tag="533" ind1=" " ind2=" ">
    <subfield code="n">(reproduction note)</subfield>
  </datafield>
  <datafield tag="580" ind1=" " ind2=" ">
    <subfield code="a">BV024625329         Online-Ausg. ---&gt;:American citizen</subfield>
  </datafield>
  <datafield tag="580" ind1=" " ind2=" ">
    <subfield code="a">BV036844924         Halbwc̲hentl. Ausg. ---&gt;:Republican watch-tower</subfield>
  </datafield>
  <datafield tag="580" ind1=" " ind2=" ">
    <subfield code="a">BV024627554         Online-Ausg. u. halbwc̲hentl. Ausg. ---&gt;:Republican watch-tower</subfield>
  </datafield>
  <datafield tag="900" ind1=" " ind2=" ">
    <subfield code="a">FU Berlin: 144 </subfield>
    <subfield code="b">Signatur: M 798, Reel 279-287</subfield>
    <subfield code="m">ISSBD</subfield>
  </datafield>
  <datafield tag="016" ind1="7" ind2=" ">
    <subfield code="a">820553-x</subfield>
    <subfield code="2">DE-600</subfield>
  </datafield>
  <datafield tag="041" ind1=" " ind2=" ">
    <subfield code="a">eng</subfield>
  </datafield>
  <datafield tag="362" ind1="1" ind2=" ">
    <subfield code="a">1802,30.Sept. - 1810,19.Nov.</subfield>
  </datafield>
  <datafield tag="247" ind1="0" ind2="0">
    <subfield code="a">BV036816580         Vorg. ---&gt;:American citizen and general advertiser</subfield>
  </datafield>
  <datafield tag="785" ind1="0" ind2="0">
    <subfield code="t">BV036831201         Forts. ---&gt;:New York morning post</subfield>
  </datafield>
  <datafield tag="084" ind1=" " ind2=" ">
    <subfield code="a">070ZDB</subfield>
  </datafield>
</record>