

pos=795 schema=info:srw/schema/1/marcxml-v1.1
<record xmlns="http://www.loc.gov/MARC21/slim">
  <leader>01464nas a2200313 u 4500</leader>
  <controlfield tag="001">BV036831206</controlfield>
  <controlfield tag="005">00000000000000.0</controlfield>
  <controlfield tag="007">zz|||||||||||||||||||||</controlfield>
  <datafield tag="245" ind1="0" ind2="0">
    <subfield code="a">American beacon</subfield>
  </datafield>
  <datafield tag="246" ind1=" " ind2=" ">
    <subfield code="a">Hauptsacht. teils: American beacon and commercial diary. - Hauptsacht. teils: American commercial beacon and Norfolk and Portsmouth daily Advertiser. - Hauptsacht. teils: American beacon and Virginia and North Carolina gazette</subfield>
  </datafield>
  <datafield tag="260" ind1=" " ind2=" ">
    <subfield code="a">Norfolk, Va.</subfield>
    <subfield code="c">1815, 1861</subfield>
  </datafield>
  <datafield tag="310" ind1=" " ind2=" ">
    <subfield code="a">Periodizitt̃: tg̃l.</subfield>
  </datafield>
  <datafield tag="533" ind1=" " ind2=" ">
    <subfield code="n">(reproduction note)</subfield>
  </datafield>
  <datafield tag="580" ind1=" " ind2=" ">
    <subfield code="a">BV024625328         Online-Ausg. ---&gt;:American beacon</subfield>
  </datafield>
  <datafield tag="580" ind1=" " ind2=" ">
    <subfield code="a">BV024621279         Parallelausg. ---&gt;:American Commercial Beacon and Norfolk &amp; Portsmouth Daily Advertiser</subfield>
  </datafield>
  <datafield tag="740" ind1="0" ind2="2">
    <subfield code="a">American beacon and commercial diary</subfield>
  </datafield>
  <datafield tag="740" ind1="0" ind2=" ">
    <subfield code="a">American beacon and commercial diary</subfield>
  </datafield>
  <datafield tag="740" ind1="0" ind2="2">
    <subfield code="a">American commercial beacon and Norfolk and Portsmouth daily Advertiser</subfield>
  </datafield>
  <datafield tag="740" ind1="0" ind2=" ">
    <subfield code="a">American commercial beacon and Norfolk and Portsmouth daily Advertiser</subfield>
  </datafield>
  <datafield tag="740" ind1="0" ind2="2">
    <subfield code="a">American beacon and Virginia and North Carolina gazette</subfield>
  </datafield>
  <datafield tag="740" ind1="0" ind2=" ">
    <subfield code="a">American beacon and Virginia and North Carolina gazette</subfield>
  </datafield>
  <datafield tag="900" ind1=" " ind2=" ">
    <subfield code="a">FU Berlin: 144 </subfield>
    <subfield code="b">Signatur: M 798, Reel 138</subfield>
    <subfield code="m">ISSBD</subfield>
  </datafield>
  <datafield tag="016" ind1="7" ind2=" ">
    <subfield code="a">820577-2</subfield>
    <subfield code="2">DE-600</subfield>
  </datafield>
  <datafield tag="362" ind1="1" ind2=" ">
    <subfield code="a">1815,7.Aug. - 1861[?]</subfield>
  </datafield>
  <datafield tag="785" ind1="0" ind2="0">
    <subfield code="t">1005667-1           Forts. ---&gt;:American beacon and Norfolk and Portsmouth daily advertiser</subfield>
  </datafield>
  <datafield tag="500" ind1=" " ind2=" ">
    <subfield code="a">(a/Z)</subfield>
  </datafield>
  <datafield tag="084" ind1=" " ind2=" ">
    <subfield code="a">070ZDB</subfield>
  </datafield>
  <datafield tag="084" ind1=" " ind2=" ">
    <subfield code="a">910ZDB</subfield>
  </datafield>
  <datafield tag="084" ind1=" " ind2=" ">
    <subfield code="a">940ZDB</subfield>
  </datafield>
</record>