

pos=887 schema=info:srw/schema/1/marcxml-v1.1
<record xmlns="http://www.loc.gov/MARC21/slim">
  <leader>02741nas a2200493 u 4500</leader>
  <controlfield tag="001">BV036836426</controlfield>
  <controlfield tag="005">00000000000000.0</controlfield>
  <controlfield tag="007">hu|||||||||||||||||||||</controlfield>
  <controlfield tag="008">                  d          |||        </controlfield>
  <datafield tag="245" ind1="0" ind2="0">
    <subfield code="a">New Yorker Staats-Zeitung und Herold</subfield>
  </datafield>
  <datafield tag="246" ind1=" " ind2=" ">
    <subfield code="a">Hauptsacht. teils: New Yorker Staatszeitung Herold. - Hauptsacht. d. Abendausg. 1919,1.Dez. - 1921[?]: New Yorker Herold und New Yorker Staats-Zeitung / Abendblatt. - Zusatz teils: seit ... Jahren Amerikas fhrende deutschsprachige Zeitung. - 2. Zusatz teils: an American newspaper printed in the German language</subfield>
  </datafield>
  <datafield tag="260" ind1=" " ind2=" ">
    <subfield code="a">Long Island City, NY [u.a.]</subfield>
    <subfield code="c">1919, 1992</subfield>
  </datafield>
  <datafield tag="310" ind1=" " ind2=" ">
    <subfield code="a">Jg.-Zh̃lung vorh., aber nicht ermittelt; Periodizitt̃: tg̃l.</subfield>
  </datafield>
  <datafield tag="525" ind1=" " ind2=" ">
    <subfield code="a">Zeitw. mit Morgen- u. Abendausg. - Ersch. 1936 - 1937 unterteilt in Sektion A und B. - Ungezh̃lte Beil. 1984,17/18.Nov. Jub.-Nr.:  150 Jahre New Yorker Staatszeitung, 1834/1984</subfield>
  </datafield>
  <datafield tag="533" ind1=" " ind2=" ">
    <subfield code="n">(reproduction note)</subfield>
  </datafield>
  <datafield tag="580" ind1=" " ind2=" ">
    <subfield code="a">BV017891900         Sonntagsausg. ---&gt;:New Yorker Staats-Zeitung und Herold / Sonntagsblatt</subfield>
  </datafield>
  <datafield tag="580" ind1=" " ind2=" ">
    <subfield code="a">BV022538049         Beil. ---&gt;:Deutsch-Amerika</subfield>
  </datafield>
  <datafield tag="740" ind1="0" ind2="2">
    <subfield code="a">New Yorker Staats-Zeitung und Herold / Morgenausgabe</subfield>
  </datafield>
  <datafield tag="740" ind1="0" ind2=" ">
    <subfield code="a">New Yorker Staats-Zeitung und Herold / Morgenausgabe</subfield>
  </datafield>
  <datafield tag="740" ind1="0" ind2="2">
    <subfield code="a">New Yorker Staats-Zeitung und Herold / Abendausgabe</subfield>
  </datafield>
  <datafield tag="740" ind1="0" ind2=" ">
    <subfield code="a">New Yorker Staats-Zeitung und Herold / Abendausgabe</subfield>
  </datafield>
  <datafield tag="740" ind1="0" ind2="2">
    <subfield code="a">150 Jahre New Yorker Staatszeitung, 1834/1984</subfield>
  </datafield>
  <datafield tag="740" ind1="0" ind2=" ">
    <subfield code="a">150 Jahre New Yorker Staatszeitung, 1834/1984</subfield>
  </datafield>
  <datafield tag="740" ind1="0" ind2="2">
    <subfield code="a">Hundertfnfzig Jahre New Yorker Staatszeitung, 1834/1984</subfield>
  </datafield>
  <datafield tag="740" ind1="0" ind2=" ">
    <subfield code="a">Hundertfnfzig Jahre New Yorker Staatszeitung, 1834/1984</subfield>
  </datafield>
  <datafield tag="740" ind1="0" ind2="2">
    <subfield code="a">New Yorker Staatszeitung Herold</subfield>
  </datafield>
  <datafield tag="740" ind1="0" ind2=" ">
    <subfield code="a">New Yorker Staatszeitung Herold</subfield>
  </datafield>
  <datafield tag="740" ind1="0" ind2="2">
    <subfield code="a">New Yorker Herold und New Yorker Staats-Zeitung / Abendblatt</subfield>
  </datafield>
  <datafield tag="740" ind1="0" ind2=" ">
    <subfield code="a">New Yorker Herold und New Yorker Staats-Zeitung / Abendblatt</subfield>
  </datafield>
  <datafield tag="740" ind1="0" ind2="2">
    <subfield code="a">seit ... Jahren Amerikas fhrende deutschsprachige Zeitung</subfield>
  </datafield>
  <datafield tag="740" ind1="0" ind2=" ">
    <subfield code="a">seit ... Jahren Amerikas fhrende deutschsprachige Zeitung</subfield>
  </datafield>
  <datafield tag="740" ind1="0" ind2="2">
    <subfield code="a">an American newspaper printed in the German language</subfield>
  </datafield>
  <datafield tag="740" ind1="0" ind2=" ">
    <subfield code="a">an American newspaper printed in the German language</subfield>
  </datafield>
  <datafield tag="900" ind1=" " ind2=" ">
    <subfield code="a">FU Berlin: 144 </subfield>
    <subfield code="b">Signatur: M 496</subfield>
    <subfield code="m">ISSBD</subfield>
  </datafield>
  <datafield tag="900" ind1=" " ind2=" ">
    <subfield code="a">FU Berlin: 144 </subfield>
    <subfield code="b">Signatur: M 528</subfield>
    <subfield code="m">ISSBD</subfield>
  </datafield>
  <datafield tag="900" ind1=" " ind2=" ">
    <subfield code="a">FU Berlin: 144 </subfield>
    <subfield code="b">Signatur: Z/ V/ A/ N 538</subfield>
    <subfield code="m">ISSBD</subfield>
  </datafield>
  <datafield tag="016" ind1="7" ind2=" ">
    <subfield code="a">1005054-1</subfield>
    <subfield code="2">DE-600</subfield>
  </datafield>
  <datafield tag="041" ind1=" " ind2=" ">
    <subfield code="a">ger</subfield>
  </datafield>
  <datafield tag="362" ind1="1" ind2=" ">
    <subfield code="a">1919,1.Dez. - 1920,209(31.Aug.); 100.1934,289(3.Dez.) - 1992,1.Jan.[?]</subfield>
  </datafield>
  <datafield tag="247" ind1="0" ind2="0">
    <subfield code="a">BV020852988         Vorg. u. 1921 - 1934,30.Nov. ---&gt;:New Yorker Staatszeitung</subfield>
  </datafield>
  <datafield tag="247" ind1="0" ind2="0">
    <subfield code="a">BV021240633         Vorg. u. 1921 - 1934,30.Nov. ---&gt;:New Yorker Herold</subfield>
  </datafield>
  <datafield tag="500" ind1=" " ind2=" ">
    <subfield code="a">(a/Z)</subfield>
  </datafield>
  <datafield tag="084" ind1=" " ind2=" ">
    <subfield code="a">050DNB</subfield>
  </datafield>
  <datafield tag="084" ind1=" " ind2=" ">
    <subfield code="a">070ZDB</subfield>
  </datafield>
</record>